%YAML 1.1
%TAG !u! tag:unity3d.com,2011:
--- !u!29 &1
OcclusionCullingSettings:
  m_ObjectHideFlags: 0
  serializedVersion: 2
  m_OcclusionBakeSettings:
    smallestOccluder: 5
    smallestHole: 0.25
    backfaceThreshold: 100
  m_SceneGUID: 00000000000000000000000000000000
  m_OcclusionCullingData: {fileID: 0}
--- !u!104 &2
RenderSettings:
  m_ObjectHideFlags: 0
  serializedVersion: 8
  m_Fog: 0
  m_FogColor: {r: 0.5, g: 0.5, b: 0.5, a: 1}
  m_FogMode: 3
  m_FogDensity: 0.01
  m_LinearFogStart: 0
  m_LinearFogEnd: 300
  m_AmbientSkyColor: {r: 0.212, g: 0.227, b: 0.259, a: 1}
  m_AmbientEquatorColor: {r: 0.114, g: 0.125, b: 0.133, a: 1}
  m_AmbientGroundColor: {r: 0.047, g: 0.043, b: 0.035, a: 1}
  m_AmbientIntensity: 1
  m_AmbientMode: 0
  m_SubtractiveShadowColor: {r: 0.42, g: 0.478, b: 0.627, a: 1}
  m_SkyboxMaterial: {fileID: 10304, guid: 0000000000000000f000000000000000, type: 0}
  m_HaloStrength: 0.5
  m_FlareStrength: 1
  m_FlareFadeSpeed: 3
  m_HaloTexture: {fileID: 0}
  m_SpotCookie: {fileID: 10001, guid: 0000000000000000e000000000000000, type: 0}
  m_DefaultReflectionMode: 0
  m_DefaultReflectionResolution: 128
  m_ReflectionBounces: 1
  m_ReflectionIntensity: 1
  m_CustomReflection: {fileID: 0}
  m_Sun: {fileID: 0}
  m_IndirectSpecularColor: {r: 0.44657844, g: 0.49641222, b: 0.57481694, a: 1}
--- !u!157 &3
LightmapSettings:
  m_ObjectHideFlags: 0
  serializedVersion: 11
  m_GIWorkflowMode: 0
  m_GISettings:
    serializedVersion: 2
    m_BounceScale: 1
    m_IndirectOutputScale: 1
    m_AlbedoBoost: 1
    m_TemporalCoherenceThreshold: 1
    m_EnvironmentLightingMode: 0
    m_EnableBakedLightmaps: 1
    m_EnableRealtimeLightmaps: 1
  m_LightmapEditorSettings:
    serializedVersion: 9
    m_Resolution: 2
    m_BakeResolution: 40
    m_TextureWidth: 1024
    m_TextureHeight: 1024
    m_AO: 0
    m_AOMaxDistance: 1
    m_CompAOExponent: 1
    m_CompAOExponentDirect: 0
    m_Padding: 2
    m_LightmapParameters: {fileID: 0}
    m_LightmapsBakeMode: 1
    m_TextureCompression: 1
    m_FinalGather: 0
    m_FinalGatherFiltering: 1
    m_FinalGatherRayCount: 256
    m_ReflectionCompression: 2
    m_MixedBakeMode: 2
    m_BakeBackend: 0
    m_PVRSampling: 1
    m_PVRDirectSampleCount: 32
    m_PVRSampleCount: 500
    m_PVRBounces: 2
    m_PVRFilterTypeDirect: 0
    m_PVRFilterTypeIndirect: 0
    m_PVRFilterTypeAO: 0
    m_PVRFilteringMode: 1
    m_PVRCulling: 1
    m_PVRFilteringGaussRadiusDirect: 1
    m_PVRFilteringGaussRadiusIndirect: 5
    m_PVRFilteringGaussRadiusAO: 2
    m_PVRFilteringAtrousPositionSigmaDirect: 0.5
    m_PVRFilteringAtrousPositionSigmaIndirect: 2
    m_PVRFilteringAtrousPositionSigmaAO: 1
    m_ShowResolutionOverlay: 1
  m_LightingDataAsset: {fileID: 0}
  m_UseShadowmask: 1
--- !u!196 &4
NavMeshSettings:
  serializedVersion: 2
  m_ObjectHideFlags: 0
  m_BuildSettings:
    serializedVersion: 2
    agentTypeID: 0
    agentRadius: 0.5
    agentHeight: 2
    agentSlope: 45
    agentClimb: 0.4
    ledgeDropHeight: 0
    maxJumpAcrossDistance: 0
    minRegionArea: 2
    manualCellSize: 0
    cellSize: 0.16666667
    manualTileSize: 0
    tileSize: 256
    accuratePlacement: 0
    debug:
      m_Flags: 0
  m_NavMeshData: {fileID: 0}
--- !u!224 &42533930 stripped
RectTransform:
  m_PrefabParentObject: {fileID: 224908635863264882, guid: ab529716c54658a41bda345d0fb11c00,
    type: 2}
  m_PrefabInternal: {fileID: 1412934816}
--- !u!1001 &83779578
Prefab:
  m_ObjectHideFlags: 0
  serializedVersion: 2
  m_Modification:
    m_TransformParent: {fileID: 1014059874}
    m_Modifications:
    - target: {fileID: 224847101837670884, guid: b8bd92df5e3a19c46bc0d5332b185d0f,
        type: 2}
      propertyPath: m_LocalPosition.x
      value: 0
      objectReference: {fileID: 0}
    - target: {fileID: 224847101837670884, guid: b8bd92df5e3a19c46bc0d5332b185d0f,
        type: 2}
      propertyPath: m_LocalPosition.y
      value: 0
      objectReference: {fileID: 0}
    - target: {fileID: 224847101837670884, guid: b8bd92df5e3a19c46bc0d5332b185d0f,
        type: 2}
      propertyPath: m_LocalPosition.z
      value: 0
      objectReference: {fileID: 0}
    - target: {fileID: 224847101837670884, guid: b8bd92df5e3a19c46bc0d5332b185d0f,
        type: 2}
      propertyPath: m_LocalRotation.x
      value: -0
      objectReference: {fileID: 0}
    - target: {fileID: 224847101837670884, guid: b8bd92df5e3a19c46bc0d5332b185d0f,
        type: 2}
      propertyPath: m_LocalRotation.y
      value: -0
      objectReference: {fileID: 0}
    - target: {fileID: 224847101837670884, guid: b8bd92df5e3a19c46bc0d5332b185d0f,
        type: 2}
      propertyPath: m_LocalRotation.z
      value: -0
      objectReference: {fileID: 0}
    - target: {fileID: 224847101837670884, guid: b8bd92df5e3a19c46bc0d5332b185d0f,
        type: 2}
      propertyPath: m_LocalRotation.w
      value: 1
      objectReference: {fileID: 0}
    - target: {fileID: 224847101837670884, guid: b8bd92df5e3a19c46bc0d5332b185d0f,
        type: 2}
      propertyPath: m_RootOrder
      value: 7
      objectReference: {fileID: 0}
    - target: {fileID: 224847101837670884, guid: b8bd92df5e3a19c46bc0d5332b185d0f,
        type: 2}
      propertyPath: m_AnchoredPosition.x
      value: 0
      objectReference: {fileID: 0}
    - target: {fileID: 224847101837670884, guid: b8bd92df5e3a19c46bc0d5332b185d0f,
        type: 2}
      propertyPath: m_AnchoredPosition.y
      value: 24.2
      objectReference: {fileID: 0}
    - target: {fileID: 224847101837670884, guid: b8bd92df5e3a19c46bc0d5332b185d0f,
        type: 2}
      propertyPath: m_SizeDelta.x
      value: 0
      objectReference: {fileID: 0}
    - target: {fileID: 224847101837670884, guid: b8bd92df5e3a19c46bc0d5332b185d0f,
        type: 2}
      propertyPath: m_SizeDelta.y
      value: -48.4
      objectReference: {fileID: 0}
    - target: {fileID: 224847101837670884, guid: b8bd92df5e3a19c46bc0d5332b185d0f,
        type: 2}
      propertyPath: m_AnchorMin.x
      value: 0.3
      objectReference: {fileID: 0}
    - target: {fileID: 224847101837670884, guid: b8bd92df5e3a19c46bc0d5332b185d0f,
        type: 2}
      propertyPath: m_AnchorMin.y
      value: 0.2
      objectReference: {fileID: 0}
    - target: {fileID: 224847101837670884, guid: b8bd92df5e3a19c46bc0d5332b185d0f,
        type: 2}
      propertyPath: m_AnchorMax.x
      value: 0.7
      objectReference: {fileID: 0}
    - target: {fileID: 224847101837670884, guid: b8bd92df5e3a19c46bc0d5332b185d0f,
        type: 2}
      propertyPath: m_AnchorMax.y
      value: 0.8
      objectReference: {fileID: 0}
    - target: {fileID: 224847101837670884, guid: b8bd92df5e3a19c46bc0d5332b185d0f,
        type: 2}
      propertyPath: m_Pivot.x
      value: 0.5
      objectReference: {fileID: 0}
    - target: {fileID: 224847101837670884, guid: b8bd92df5e3a19c46bc0d5332b185d0f,
        type: 2}
      propertyPath: m_Pivot.y
      value: 0.5
      objectReference: {fileID: 0}
    - target: {fileID: 224213070423468608, guid: b8bd92df5e3a19c46bc0d5332b185d0f,
        type: 2}
      propertyPath: m_AnchorMax.y
      value: 1
      objectReference: {fileID: 0}
    - target: {fileID: 224816195676255740, guid: b8bd92df5e3a19c46bc0d5332b185d0f,
        type: 2}
      propertyPath: m_AnchorMax.y
      value: 1
      objectReference: {fileID: 0}
    - target: {fileID: 1400830785579932, guid: b8bd92df5e3a19c46bc0d5332b185d0f, type: 2}
      propertyPath: m_IsActive
      value: 0
      objectReference: {fileID: 0}
    - target: {fileID: 224098823825310974, guid: b8bd92df5e3a19c46bc0d5332b185d0f,
        type: 2}
      propertyPath: m_AnchorMax.y
      value: 1
      objectReference: {fileID: 0}
    - target: {fileID: 224270837066190802, guid: b8bd92df5e3a19c46bc0d5332b185d0f,
        type: 2}
      propertyPath: m_AnchorMax.y
      value: 1
      objectReference: {fileID: 0}
    - target: {fileID: 224712142472328278, guid: b8bd92df5e3a19c46bc0d5332b185d0f,
        type: 2}
      propertyPath: m_AnchorMin.y
      value: 1
      objectReference: {fileID: 0}
    - target: {fileID: 224712142472328278, guid: b8bd92df5e3a19c46bc0d5332b185d0f,
        type: 2}
      propertyPath: m_AnchorMax.y
      value: 1
      objectReference: {fileID: 0}
    - target: {fileID: 224712142472328278, guid: b8bd92df5e3a19c46bc0d5332b185d0f,
        type: 2}
      propertyPath: m_AnchoredPosition.x
      value: 372.55997
      objectReference: {fileID: 0}
    - target: {fileID: 224712142472328278, guid: b8bd92df5e3a19c46bc0d5332b185d0f,
        type: 2}
      propertyPath: m_AnchoredPosition.y
      value: -30
      objectReference: {fileID: 0}
    - target: {fileID: 224712142472328278, guid: b8bd92df5e3a19c46bc0d5332b185d0f,
        type: 2}
      propertyPath: m_SizeDelta.x
      value: 705.11993
      objectReference: {fileID: 0}
    m_RemovedComponents: []
  m_ParentPrefab: {fileID: 100100000, guid: b8bd92df5e3a19c46bc0d5332b185d0f, type: 2}
  m_IsPrefabParent: 0
--- !u!224 &223294202 stripped
RectTransform:
  m_PrefabParentObject: {fileID: 224830920841193736, guid: 6b1238e0773ac364aadc989455330073,
    type: 2}
  m_PrefabInternal: {fileID: 930867198}
--- !u!1001 &233709404
Prefab:
  m_ObjectHideFlags: 0
  serializedVersion: 2
  m_Modification:
    m_TransformParent: {fileID: 1014059874}
    m_Modifications:
    - target: {fileID: 224571013677901404, guid: 1d4e07df5e72e8741a72ec430ed495a4,
        type: 2}
      propertyPath: m_LocalPosition.x
      value: 0
      objectReference: {fileID: 0}
    - target: {fileID: 224571013677901404, guid: 1d4e07df5e72e8741a72ec430ed495a4,
        type: 2}
      propertyPath: m_LocalPosition.y
      value: 0
      objectReference: {fileID: 0}
    - target: {fileID: 224571013677901404, guid: 1d4e07df5e72e8741a72ec430ed495a4,
        type: 2}
      propertyPath: m_LocalPosition.z
      value: 0
      objectReference: {fileID: 0}
    - target: {fileID: 224571013677901404, guid: 1d4e07df5e72e8741a72ec430ed495a4,
        type: 2}
      propertyPath: m_LocalRotation.x
      value: 0
      objectReference: {fileID: 0}
    - target: {fileID: 224571013677901404, guid: 1d4e07df5e72e8741a72ec430ed495a4,
        type: 2}
      propertyPath: m_LocalRotation.y
      value: 0
      objectReference: {fileID: 0}
    - target: {fileID: 224571013677901404, guid: 1d4e07df5e72e8741a72ec430ed495a4,
        type: 2}
      propertyPath: m_LocalRotation.z
      value: 0
      objectReference: {fileID: 0}
    - target: {fileID: 224571013677901404, guid: 1d4e07df5e72e8741a72ec430ed495a4,
        type: 2}
      propertyPath: m_LocalRotation.w
      value: 1
      objectReference: {fileID: 0}
    - target: {fileID: 224571013677901404, guid: 1d4e07df5e72e8741a72ec430ed495a4,
        type: 2}
      propertyPath: m_RootOrder
      value: 8
      objectReference: {fileID: 0}
    - target: {fileID: 224571013677901404, guid: 1d4e07df5e72e8741a72ec430ed495a4,
        type: 2}
      propertyPath: m_AnchoredPosition.x
      value: 6.4
      objectReference: {fileID: 0}
    - target: {fileID: 224571013677901404, guid: 1d4e07df5e72e8741a72ec430ed495a4,
        type: 2}
      propertyPath: m_AnchoredPosition.y
      value: 22.3
      objectReference: {fileID: 0}
    - target: {fileID: 224571013677901404, guid: 1d4e07df5e72e8741a72ec430ed495a4,
        type: 2}
      propertyPath: m_SizeDelta.x
      value: 1360.7
      objectReference: {fileID: 0}
    - target: {fileID: 224571013677901404, guid: 1d4e07df5e72e8741a72ec430ed495a4,
        type: 2}
      propertyPath: m_SizeDelta.y
      value: 815.5
      objectReference: {fileID: 0}
    - target: {fileID: 224571013677901404, guid: 1d4e07df5e72e8741a72ec430ed495a4,
        type: 2}
      propertyPath: m_AnchorMin.x
      value: 0.5
      objectReference: {fileID: 0}
    - target: {fileID: 224571013677901404, guid: 1d4e07df5e72e8741a72ec430ed495a4,
        type: 2}
      propertyPath: m_AnchorMin.y
      value: 0.5
      objectReference: {fileID: 0}
    - target: {fileID: 224571013677901404, guid: 1d4e07df5e72e8741a72ec430ed495a4,
        type: 2}
      propertyPath: m_AnchorMax.x
      value: 0.5
      objectReference: {fileID: 0}
    - target: {fileID: 224571013677901404, guid: 1d4e07df5e72e8741a72ec430ed495a4,
        type: 2}
      propertyPath: m_AnchorMax.y
      value: 0.5
      objectReference: {fileID: 0}
    - target: {fileID: 224571013677901404, guid: 1d4e07df5e72e8741a72ec430ed495a4,
        type: 2}
      propertyPath: m_Pivot.x
      value: 0.5
      objectReference: {fileID: 0}
    - target: {fileID: 224571013677901404, guid: 1d4e07df5e72e8741a72ec430ed495a4,
        type: 2}
      propertyPath: m_Pivot.y
      value: 0.5
      objectReference: {fileID: 0}
    - target: {fileID: 224612446576670234, guid: 1d4e07df5e72e8741a72ec430ed495a4,
        type: 2}
      propertyPath: m_AnchorMax.x
      value: 1
      objectReference: {fileID: 0}
    - target: {fileID: 224612446576670234, guid: 1d4e07df5e72e8741a72ec430ed495a4,
        type: 2}
      propertyPath: m_AnchorMax.y
      value: 1
      objectReference: {fileID: 0}
    - target: {fileID: 224192414095025942, guid: 1d4e07df5e72e8741a72ec430ed495a4,
        type: 2}
      propertyPath: m_SizeDelta.y
      value: -686.3
      objectReference: {fileID: 0}
    - target: {fileID: 224924716768494250, guid: 1d4e07df5e72e8741a72ec430ed495a4,
        type: 2}
      propertyPath: m_AnchorMax.x
      value: 1
      objectReference: {fileID: 0}
    - target: {fileID: 224924716768494250, guid: 1d4e07df5e72e8741a72ec430ed495a4,
        type: 2}
      propertyPath: m_AnchorMax.y
      value: 1
      objectReference: {fileID: 0}
    - target: {fileID: 224924716768494250, guid: 1d4e07df5e72e8741a72ec430ed495a4,
        type: 2}
      propertyPath: m_SizeDelta.x
      value: -17
      objectReference: {fileID: 0}
    - target: {fileID: 1202846723690558, guid: 1d4e07df5e72e8741a72ec430ed495a4, type: 2}
      propertyPath: m_IsActive
      value: 0
      objectReference: {fileID: 0}
    - target: {fileID: 224150244590827670, guid: 1d4e07df5e72e8741a72ec430ed495a4,
        type: 2}
      propertyPath: m_AnchorMax.x
      value: 1
      objectReference: {fileID: 0}
    - target: {fileID: 224150244590827670, guid: 1d4e07df5e72e8741a72ec430ed495a4,
        type: 2}
      propertyPath: m_SizeDelta.x
      value: -17
      objectReference: {fileID: 0}
    m_RemovedComponents: []
  m_ParentPrefab: {fileID: 100100000, guid: 1d4e07df5e72e8741a72ec430ed495a4, type: 2}
  m_IsPrefabParent: 0
--- !u!1 &248907684
GameObject:
  m_ObjectHideFlags: 0
  m_PrefabParentObject: {fileID: 0}
  m_PrefabInternal: {fileID: 0}
  serializedVersion: 5
  m_Component:
  - component: {fileID: 248907687}
  - component: {fileID: 248907686}
  - component: {fileID: 248907685}
  m_Layer: 0
  m_Name: EventSystem
  m_TagString: Untagged
  m_Icon: {fileID: 0}
  m_NavMeshLayer: 0
  m_StaticEditorFlags: 0
  m_IsActive: 1
--- !u!114 &248907685
MonoBehaviour:
  m_ObjectHideFlags: 0
  m_PrefabParentObject: {fileID: 0}
  m_PrefabInternal: {fileID: 0}
  m_GameObject: {fileID: 248907684}
  m_Enabled: 1
  m_EditorHideFlags: 0
  m_Script: {fileID: 1077351063, guid: f5f67c52d1564df4a8936ccd202a3bd8, type: 3}
  m_Name: 
  m_EditorClassIdentifier: 
  m_HorizontalAxis: Horizontal
  m_VerticalAxis: Vertical
  m_SubmitButton: Submit
  m_CancelButton: Cancel
  m_InputActionsPerSecond: 10
  m_RepeatDelay: 0.5
  m_ForceModuleActive: 0
--- !u!114 &248907686
MonoBehaviour:
  m_ObjectHideFlags: 0
  m_PrefabParentObject: {fileID: 0}
  m_PrefabInternal: {fileID: 0}
  m_GameObject: {fileID: 248907684}
  m_Enabled: 1
  m_EditorHideFlags: 0
  m_Script: {fileID: -619905303, guid: f5f67c52d1564df4a8936ccd202a3bd8, type: 3}
  m_Name: 
  m_EditorClassIdentifier: 
  m_FirstSelected: {fileID: 0}
  m_sendNavigationEvents: 1
  m_DragThreshold: 5
--- !u!4 &248907687
Transform:
  m_ObjectHideFlags: 0
  m_PrefabParentObject: {fileID: 0}
  m_PrefabInternal: {fileID: 0}
  m_GameObject: {fileID: 248907684}
  m_LocalRotation: {x: 0, y: 0, z: 0, w: 1}
  m_LocalPosition: {x: 0, y: 0, z: 0}
  m_LocalScale: {x: 1, y: 1, z: 1}
  m_Children: []
  m_Father: {fileID: 0}
  m_RootOrder: 2
  m_LocalEulerAnglesHint: {x: 0, y: 0, z: 0}
--- !u!224 &370822379 stripped
RectTransform:
  m_PrefabParentObject: {fileID: 224523526847870572, guid: e6a491df1215f1b46ae60fad12322b1b,
    type: 2}
  m_PrefabInternal: {fileID: 1577940230}
--- !u!224 &491518222 stripped
RectTransform:
  m_PrefabParentObject: {fileID: 224571013677901404, guid: 1d4e07df5e72e8741a72ec430ed495a4,
    type: 2}
  m_PrefabInternal: {fileID: 233709404}
--- !u!224 &496513521 stripped
RectTransform:
  m_PrefabParentObject: {fileID: 224224625541071514, guid: 678f7752a07742b479555b34fe114197,
    type: 2}
  m_PrefabInternal: {fileID: 2086057149}
--- !u!1001 &505468440
Prefab:
  m_ObjectHideFlags: 0
  serializedVersion: 2
  m_Modification:
    m_TransformParent: {fileID: 1014059874}
    m_Modifications:
    - target: {fileID: 224996648051079354, guid: 8e6b6bbccaa71b143b7359d668630174,
        type: 2}
      propertyPath: m_LocalPosition.x
      value: 0
      objectReference: {fileID: 0}
    - target: {fileID: 224996648051079354, guid: 8e6b6bbccaa71b143b7359d668630174,
        type: 2}
      propertyPath: m_LocalPosition.y
      value: 0
      objectReference: {fileID: 0}
    - target: {fileID: 224996648051079354, guid: 8e6b6bbccaa71b143b7359d668630174,
        type: 2}
      propertyPath: m_LocalPosition.z
      value: 0
      objectReference: {fileID: 0}
    - target: {fileID: 224996648051079354, guid: 8e6b6bbccaa71b143b7359d668630174,
        type: 2}
      propertyPath: m_LocalRotation.x
      value: 0
      objectReference: {fileID: 0}
    - target: {fileID: 224996648051079354, guid: 8e6b6bbccaa71b143b7359d668630174,
        type: 2}
      propertyPath: m_LocalRotation.y
      value: 0
      objectReference: {fileID: 0}
    - target: {fileID: 224996648051079354, guid: 8e6b6bbccaa71b143b7359d668630174,
        type: 2}
      propertyPath: m_LocalRotation.z
      value: 0
      objectReference: {fileID: 0}
    - target: {fileID: 224996648051079354, guid: 8e6b6bbccaa71b143b7359d668630174,
        type: 2}
      propertyPath: m_LocalRotation.w
      value: 1
      objectReference: {fileID: 0}
    - target: {fileID: 224996648051079354, guid: 8e6b6bbccaa71b143b7359d668630174,
        type: 2}
      propertyPath: m_RootOrder
      value: 13
      objectReference: {fileID: 0}
    - target: {fileID: 224996648051079354, guid: 8e6b6bbccaa71b143b7359d668630174,
        type: 2}
      propertyPath: m_AnchoredPosition.x
      value: 0
      objectReference: {fileID: 0}
    - target: {fileID: 224996648051079354, guid: 8e6b6bbccaa71b143b7359d668630174,
        type: 2}
      propertyPath: m_AnchoredPosition.y
      value: 0
      objectReference: {fileID: 0}
    - target: {fileID: 224996648051079354, guid: 8e6b6bbccaa71b143b7359d668630174,
        type: 2}
      propertyPath: m_SizeDelta.x
      value: 0
      objectReference: {fileID: 0}
    - target: {fileID: 224996648051079354, guid: 8e6b6bbccaa71b143b7359d668630174,
        type: 2}
      propertyPath: m_SizeDelta.y
      value: 0
      objectReference: {fileID: 0}
    - target: {fileID: 224996648051079354, guid: 8e6b6bbccaa71b143b7359d668630174,
        type: 2}
      propertyPath: m_AnchorMin.x
      value: 0
      objectReference: {fileID: 0}
    - target: {fileID: 224996648051079354, guid: 8e6b6bbccaa71b143b7359d668630174,
        type: 2}
      propertyPath: m_AnchorMin.y
      value: 0
      objectReference: {fileID: 0}
    - target: {fileID: 224996648051079354, guid: 8e6b6bbccaa71b143b7359d668630174,
        type: 2}
      propertyPath: m_AnchorMax.x
      value: 1
      objectReference: {fileID: 0}
    - target: {fileID: 224996648051079354, guid: 8e6b6bbccaa71b143b7359d668630174,
        type: 2}
      propertyPath: m_AnchorMax.y
      value: 1
      objectReference: {fileID: 0}
    - target: {fileID: 224996648051079354, guid: 8e6b6bbccaa71b143b7359d668630174,
        type: 2}
      propertyPath: m_Pivot.x
      value: 0.5
      objectReference: {fileID: 0}
    - target: {fileID: 224996648051079354, guid: 8e6b6bbccaa71b143b7359d668630174,
        type: 2}
      propertyPath: m_Pivot.y
      value: 0.5
      objectReference: {fileID: 0}
    - target: {fileID: 1865155583839882, guid: 8e6b6bbccaa71b143b7359d668630174, type: 2}
      propertyPath: m_IsActive
      value: 0
      objectReference: {fileID: 0}
    m_RemovedComponents: []
  m_ParentPrefab: {fileID: 100100000, guid: 8e6b6bbccaa71b143b7359d668630174, type: 2}
  m_IsPrefabParent: 0
--- !u!224 &505468441 stripped
RectTransform:
  m_PrefabParentObject: {fileID: 224996648051079354, guid: 8e6b6bbccaa71b143b7359d668630174,
    type: 2}
  m_PrefabInternal: {fileID: 505468440}
--- !u!224 &540235480 stripped
RectTransform:
  m_PrefabParentObject: {fileID: 224164690141941480, guid: 5188ec3f1d4d09749afae3a0993fd42b,
    type: 2}
  m_PrefabInternal: {fileID: 733205968}
--- !u!1001 &627864219
Prefab:
  m_ObjectHideFlags: 0
  serializedVersion: 2
  m_Modification:
    m_TransformParent: {fileID: 0}
    m_Modifications:
    - target: {fileID: 224352179516865540, guid: c72d72aad1d5ca04981fb1550ebb910c,
        type: 2}
      propertyPath: m_LocalPosition.x
      value: 0
      objectReference: {fileID: 0}
    - target: {fileID: 224352179516865540, guid: c72d72aad1d5ca04981fb1550ebb910c,
        type: 2}
      propertyPath: m_LocalPosition.y
      value: 0
      objectReference: {fileID: 0}
    - target: {fileID: 224352179516865540, guid: c72d72aad1d5ca04981fb1550ebb910c,
        type: 2}
      propertyPath: m_LocalPosition.z
      value: 0
      objectReference: {fileID: 0}
    - target: {fileID: 224352179516865540, guid: c72d72aad1d5ca04981fb1550ebb910c,
        type: 2}
      propertyPath: m_LocalRotation.x
      value: 0
      objectReference: {fileID: 0}
    - target: {fileID: 224352179516865540, guid: c72d72aad1d5ca04981fb1550ebb910c,
        type: 2}
      propertyPath: m_LocalRotation.y
      value: 0
      objectReference: {fileID: 0}
    - target: {fileID: 224352179516865540, guid: c72d72aad1d5ca04981fb1550ebb910c,
        type: 2}
      propertyPath: m_LocalRotation.z
      value: 0
      objectReference: {fileID: 0}
    - target: {fileID: 224352179516865540, guid: c72d72aad1d5ca04981fb1550ebb910c,
        type: 2}
      propertyPath: m_LocalRotation.w
      value: 1
      objectReference: {fileID: 0}
    - target: {fileID: 224352179516865540, guid: c72d72aad1d5ca04981fb1550ebb910c,
        type: 2}
      propertyPath: m_RootOrder
      value: 4
      objectReference: {fileID: 0}
    - target: {fileID: 224352179516865540, guid: c72d72aad1d5ca04981fb1550ebb910c,
        type: 2}
      propertyPath: m_AnchoredPosition.x
      value: 0
      objectReference: {fileID: 0}
    - target: {fileID: 224352179516865540, guid: c72d72aad1d5ca04981fb1550ebb910c,
        type: 2}
      propertyPath: m_AnchoredPosition.y
      value: 0
      objectReference: {fileID: 0}
    - target: {fileID: 224352179516865540, guid: c72d72aad1d5ca04981fb1550ebb910c,
        type: 2}
      propertyPath: m_SizeDelta.x
      value: 0
      objectReference: {fileID: 0}
    - target: {fileID: 224352179516865540, guid: c72d72aad1d5ca04981fb1550ebb910c,
        type: 2}
      propertyPath: m_SizeDelta.y
      value: 0
      objectReference: {fileID: 0}
    - target: {fileID: 224352179516865540, guid: c72d72aad1d5ca04981fb1550ebb910c,
        type: 2}
      propertyPath: m_AnchorMin.x
      value: 0
      objectReference: {fileID: 0}
    - target: {fileID: 224352179516865540, guid: c72d72aad1d5ca04981fb1550ebb910c,
        type: 2}
      propertyPath: m_AnchorMin.y
      value: 0
      objectReference: {fileID: 0}
    - target: {fileID: 224352179516865540, guid: c72d72aad1d5ca04981fb1550ebb910c,
        type: 2}
      propertyPath: m_AnchorMax.x
      value: 0
      objectReference: {fileID: 0}
    - target: {fileID: 224352179516865540, guid: c72d72aad1d5ca04981fb1550ebb910c,
        type: 2}
      propertyPath: m_AnchorMax.y
      value: 0
      objectReference: {fileID: 0}
    - target: {fileID: 224352179516865540, guid: c72d72aad1d5ca04981fb1550ebb910c,
        type: 2}
      propertyPath: m_Pivot.x
      value: 0
      objectReference: {fileID: 0}
    - target: {fileID: 224352179516865540, guid: c72d72aad1d5ca04981fb1550ebb910c,
        type: 2}
      propertyPath: m_Pivot.y
      value: 0
      objectReference: {fileID: 0}
    - target: {fileID: 1866528341347334, guid: c72d72aad1d5ca04981fb1550ebb910c, type: 2}
      propertyPath: m_IsActive
      value: 0
      objectReference: {fileID: 0}
    m_RemovedComponents: []
  m_ParentPrefab: {fileID: 100100000, guid: c72d72aad1d5ca04981fb1550ebb910c, type: 2}
  m_IsPrefabParent: 0
--- !u!224 &656603266 stripped
RectTransform:
  m_PrefabParentObject: {fileID: 224206705778885052, guid: dbea8e2c6d5fca742b614fc72eb8e17e,
    type: 2}
  m_PrefabInternal: {fileID: 1924599542}
--- !u!1001 &733205968
Prefab:
  m_ObjectHideFlags: 0
  serializedVersion: 2
  m_Modification:
    m_TransformParent: {fileID: 1014059874}
    m_Modifications:
    - target: {fileID: 224164690141941480, guid: 5188ec3f1d4d09749afae3a0993fd42b,
        type: 2}
      propertyPath: m_LocalPosition.x
      value: 0
      objectReference: {fileID: 0}
    - target: {fileID: 224164690141941480, guid: 5188ec3f1d4d09749afae3a0993fd42b,
        type: 2}
      propertyPath: m_LocalPosition.y
      value: 0
      objectReference: {fileID: 0}
    - target: {fileID: 224164690141941480, guid: 5188ec3f1d4d09749afae3a0993fd42b,
        type: 2}
      propertyPath: m_LocalPosition.z
      value: 0
      objectReference: {fileID: 0}
    - target: {fileID: 224164690141941480, guid: 5188ec3f1d4d09749afae3a0993fd42b,
        type: 2}
      propertyPath: m_LocalRotation.x
      value: -0
      objectReference: {fileID: 0}
    - target: {fileID: 224164690141941480, guid: 5188ec3f1d4d09749afae3a0993fd42b,
        type: 2}
      propertyPath: m_LocalRotation.y
      value: -0
      objectReference: {fileID: 0}
    - target: {fileID: 224164690141941480, guid: 5188ec3f1d4d09749afae3a0993fd42b,
        type: 2}
      propertyPath: m_LocalRotation.z
      value: -0
      objectReference: {fileID: 0}
    - target: {fileID: 224164690141941480, guid: 5188ec3f1d4d09749afae3a0993fd42b,
        type: 2}
      propertyPath: m_LocalRotation.w
      value: 1
      objectReference: {fileID: 0}
    - target: {fileID: 224164690141941480, guid: 5188ec3f1d4d09749afae3a0993fd42b,
        type: 2}
      propertyPath: m_RootOrder
      value: 3
      objectReference: {fileID: 0}
    - target: {fileID: 224164690141941480, guid: 5188ec3f1d4d09749afae3a0993fd42b,
        type: 2}
      propertyPath: m_AnchoredPosition.x
      value: 511
      objectReference: {fileID: 0}
    - target: {fileID: 224164690141941480, guid: 5188ec3f1d4d09749afae3a0993fd42b,
        type: 2}
      propertyPath: m_AnchoredPosition.y
      value: -734.19727
      objectReference: {fileID: 0}
    - target: {fileID: 224164690141941480, guid: 5188ec3f1d4d09749afae3a0993fd42b,
        type: 2}
      propertyPath: m_SizeDelta.x
      value: 306.1
      objectReference: {fileID: 0}
    - target: {fileID: 224164690141941480, guid: 5188ec3f1d4d09749afae3a0993fd42b,
        type: 2}
      propertyPath: m_SizeDelta.y
      value: 96.3
      objectReference: {fileID: 0}
    - target: {fileID: 224164690141941480, guid: 5188ec3f1d4d09749afae3a0993fd42b,
        type: 2}
      propertyPath: m_AnchorMin.x
      value: 0
      objectReference: {fileID: 0}
    - target: {fileID: 224164690141941480, guid: 5188ec3f1d4d09749afae3a0993fd42b,
        type: 2}
      propertyPath: m_AnchorMin.y
      value: 1
      objectReference: {fileID: 0}
    - target: {fileID: 224164690141941480, guid: 5188ec3f1d4d09749afae3a0993fd42b,
        type: 2}
      propertyPath: m_AnchorMax.x
      value: 0
      objectReference: {fileID: 0}
    - target: {fileID: 224164690141941480, guid: 5188ec3f1d4d09749afae3a0993fd42b,
        type: 2}
      propertyPath: m_AnchorMax.y
      value: 1
      objectReference: {fileID: 0}
    - target: {fileID: 224164690141941480, guid: 5188ec3f1d4d09749afae3a0993fd42b,
        type: 2}
      propertyPath: m_Pivot.x
      value: 0.5
      objectReference: {fileID: 0}
    - target: {fileID: 224164690141941480, guid: 5188ec3f1d4d09749afae3a0993fd42b,
        type: 2}
      propertyPath: m_Pivot.y
      value: 0.5
      objectReference: {fileID: 0}
    - target: {fileID: 1642912500813520, guid: 5188ec3f1d4d09749afae3a0993fd42b, type: 2}
      propertyPath: m_IsActive
      value: 0
      objectReference: {fileID: 0}
    m_RemovedComponents: []
  m_ParentPrefab: {fileID: 100100000, guid: 5188ec3f1d4d09749afae3a0993fd42b, type: 2}
  m_IsPrefabParent: 0
--- !u!224 &806076004 stripped
RectTransform:
  m_PrefabParentObject: {fileID: 224899899351449838, guid: 106079ab9ec87634891e7f00aaffbf16,
    type: 2}
  m_PrefabInternal: {fileID: 906328662}
--- !u!1001 &888661967
Prefab:
  m_ObjectHideFlags: 0
  serializedVersion: 2
  m_Modification:
    m_TransformParent: {fileID: 1014059874}
    m_Modifications:
    - target: {fileID: 224753002018140562, guid: 4955966509882c4488663f5df4d429f9,
        type: 2}
      propertyPath: m_LocalPosition.x
      value: 0
      objectReference: {fileID: 0}
    - target: {fileID: 224753002018140562, guid: 4955966509882c4488663f5df4d429f9,
        type: 2}
      propertyPath: m_LocalPosition.y
      value: 0
      objectReference: {fileID: 0}
    - target: {fileID: 224753002018140562, guid: 4955966509882c4488663f5df4d429f9,
        type: 2}
      propertyPath: m_LocalPosition.z
      value: 0
      objectReference: {fileID: 0}
    - target: {fileID: 224753002018140562, guid: 4955966509882c4488663f5df4d429f9,
        type: 2}
      propertyPath: m_LocalRotation.x
      value: -0
      objectReference: {fileID: 0}
    - target: {fileID: 224753002018140562, guid: 4955966509882c4488663f5df4d429f9,
        type: 2}
      propertyPath: m_LocalRotation.y
      value: -0
      objectReference: {fileID: 0}
    - target: {fileID: 224753002018140562, guid: 4955966509882c4488663f5df4d429f9,
        type: 2}
      propertyPath: m_LocalRotation.z
      value: -0
      objectReference: {fileID: 0}
    - target: {fileID: 224753002018140562, guid: 4955966509882c4488663f5df4d429f9,
        type: 2}
      propertyPath: m_LocalRotation.w
      value: 1
      objectReference: {fileID: 0}
    - target: {fileID: 224753002018140562, guid: 4955966509882c4488663f5df4d429f9,
        type: 2}
      propertyPath: m_RootOrder
      value: 12
      objectReference: {fileID: 0}
    - target: {fileID: 224753002018140562, guid: 4955966509882c4488663f5df4d429f9,
        type: 2}
      propertyPath: m_AnchoredPosition.x
      value: 0
      objectReference: {fileID: 0}
    - target: {fileID: 224753002018140562, guid: 4955966509882c4488663f5df4d429f9,
        type: 2}
      propertyPath: m_AnchoredPosition.y
      value: 0
      objectReference: {fileID: 0}
    - target: {fileID: 224753002018140562, guid: 4955966509882c4488663f5df4d429f9,
        type: 2}
      propertyPath: m_SizeDelta.x
      value: 0
      objectReference: {fileID: 0}
    - target: {fileID: 224753002018140562, guid: 4955966509882c4488663f5df4d429f9,
        type: 2}
      propertyPath: m_SizeDelta.y
      value: 0
      objectReference: {fileID: 0}
    - target: {fileID: 224753002018140562, guid: 4955966509882c4488663f5df4d429f9,
        type: 2}
      propertyPath: m_AnchorMin.x
      value: 0
      objectReference: {fileID: 0}
    - target: {fileID: 224753002018140562, guid: 4955966509882c4488663f5df4d429f9,
        type: 2}
      propertyPath: m_AnchorMin.y
      value: 0
      objectReference: {fileID: 0}
    - target: {fileID: 224753002018140562, guid: 4955966509882c4488663f5df4d429f9,
        type: 2}
      propertyPath: m_AnchorMax.x
      value: 1
      objectReference: {fileID: 0}
    - target: {fileID: 224753002018140562, guid: 4955966509882c4488663f5df4d429f9,
        type: 2}
      propertyPath: m_AnchorMax.y
      value: 1
      objectReference: {fileID: 0}
    - target: {fileID: 224753002018140562, guid: 4955966509882c4488663f5df4d429f9,
        type: 2}
      propertyPath: m_Pivot.x
      value: 0.5
      objectReference: {fileID: 0}
    - target: {fileID: 224753002018140562, guid: 4955966509882c4488663f5df4d429f9,
        type: 2}
      propertyPath: m_Pivot.y
      value: 0.5
      objectReference: {fileID: 0}
    - target: {fileID: 1528145241853462, guid: 4955966509882c4488663f5df4d429f9, type: 2}
      propertyPath: m_IsActive
      value: 0
      objectReference: {fileID: 0}
    m_RemovedComponents: []
  m_ParentPrefab: {fileID: 100100000, guid: 4955966509882c4488663f5df4d429f9, type: 2}
  m_IsPrefabParent: 0
--- !u!1001 &906328662
Prefab:
  m_ObjectHideFlags: 0
  serializedVersion: 2
  m_Modification:
    m_TransformParent: {fileID: 1014059874}
    m_Modifications:
    - target: {fileID: 224899899351449838, guid: 106079ab9ec87634891e7f00aaffbf16,
        type: 2}
      propertyPath: m_LocalPosition.x
      value: 0
      objectReference: {fileID: 0}
    - target: {fileID: 224899899351449838, guid: 106079ab9ec87634891e7f00aaffbf16,
        type: 2}
      propertyPath: m_LocalPosition.y
      value: 0
      objectReference: {fileID: 0}
    - target: {fileID: 224899899351449838, guid: 106079ab9ec87634891e7f00aaffbf16,
        type: 2}
      propertyPath: m_LocalPosition.z
      value: 0
      objectReference: {fileID: 0}
    - target: {fileID: 224899899351449838, guid: 106079ab9ec87634891e7f00aaffbf16,
        type: 2}
      propertyPath: m_LocalRotation.x
      value: 0
      objectReference: {fileID: 0}
    - target: {fileID: 224899899351449838, guid: 106079ab9ec87634891e7f00aaffbf16,
        type: 2}
      propertyPath: m_LocalRotation.y
      value: 0
      objectReference: {fileID: 0}
    - target: {fileID: 224899899351449838, guid: 106079ab9ec87634891e7f00aaffbf16,
        type: 2}
      propertyPath: m_LocalRotation.z
      value: 0
      objectReference: {fileID: 0}
    - target: {fileID: 224899899351449838, guid: 106079ab9ec87634891e7f00aaffbf16,
        type: 2}
      propertyPath: m_LocalRotation.w
      value: 1
      objectReference: {fileID: 0}
    - target: {fileID: 224899899351449838, guid: 106079ab9ec87634891e7f00aaffbf16,
        type: 2}
      propertyPath: m_RootOrder
      value: 11
      objectReference: {fileID: 0}
    - target: {fileID: 224899899351449838, guid: 106079ab9ec87634891e7f00aaffbf16,
        type: 2}
      propertyPath: m_AnchoredPosition.x
      value: 0
      objectReference: {fileID: 0}
    - target: {fileID: 224899899351449838, guid: 106079ab9ec87634891e7f00aaffbf16,
        type: 2}
      propertyPath: m_AnchoredPosition.y
      value: 0
      objectReference: {fileID: 0}
    - target: {fileID: 224899899351449838, guid: 106079ab9ec87634891e7f00aaffbf16,
        type: 2}
      propertyPath: m_SizeDelta.x
      value: 0
      objectReference: {fileID: 0}
    - target: {fileID: 224899899351449838, guid: 106079ab9ec87634891e7f00aaffbf16,
        type: 2}
      propertyPath: m_SizeDelta.y
      value: 0
      objectReference: {fileID: 0}
    - target: {fileID: 224899899351449838, guid: 106079ab9ec87634891e7f00aaffbf16,
        type: 2}
      propertyPath: m_AnchorMin.x
      value: -0.1
      objectReference: {fileID: 0}
    - target: {fileID: 224899899351449838, guid: 106079ab9ec87634891e7f00aaffbf16,
        type: 2}
      propertyPath: m_AnchorMin.y
      value: -0.1
      objectReference: {fileID: 0}
    - target: {fileID: 224899899351449838, guid: 106079ab9ec87634891e7f00aaffbf16,
        type: 2}
      propertyPath: m_AnchorMax.x
      value: 1.1
      objectReference: {fileID: 0}
    - target: {fileID: 224899899351449838, guid: 106079ab9ec87634891e7f00aaffbf16,
        type: 2}
      propertyPath: m_AnchorMax.y
      value: 1.1
      objectReference: {fileID: 0}
    - target: {fileID: 224899899351449838, guid: 106079ab9ec87634891e7f00aaffbf16,
        type: 2}
      propertyPath: m_Pivot.x
      value: 0.5
      objectReference: {fileID: 0}
    - target: {fileID: 224899899351449838, guid: 106079ab9ec87634891e7f00aaffbf16,
        type: 2}
      propertyPath: m_Pivot.y
      value: 0.5
      objectReference: {fileID: 0}
    - target: {fileID: 1992882382978904, guid: 106079ab9ec87634891e7f00aaffbf16, type: 2}
      propertyPath: m_IsActive
      value: 0
      objectReference: {fileID: 0}
    m_RemovedComponents: []
  m_ParentPrefab: {fileID: 100100000, guid: 106079ab9ec87634891e7f00aaffbf16, type: 2}
  m_IsPrefabParent: 0
--- !u!1001 &910783809
Prefab:
  m_ObjectHideFlags: 0
  serializedVersion: 2
  m_Modification:
    m_TransformParent: {fileID: 1014059874}
    m_Modifications:
    - target: {fileID: 224513620271390140, guid: 24462cd0f5458fb41ab697985e651c87,
        type: 2}
      propertyPath: m_LocalPosition.x
      value: 0
      objectReference: {fileID: 0}
    - target: {fileID: 224513620271390140, guid: 24462cd0f5458fb41ab697985e651c87,
        type: 2}
      propertyPath: m_LocalPosition.y
      value: 0
      objectReference: {fileID: 0}
    - target: {fileID: 224513620271390140, guid: 24462cd0f5458fb41ab697985e651c87,
        type: 2}
      propertyPath: m_LocalPosition.z
      value: 0
      objectReference: {fileID: 0}
    - target: {fileID: 224513620271390140, guid: 24462cd0f5458fb41ab697985e651c87,
        type: 2}
      propertyPath: m_LocalRotation.x
      value: 0
      objectReference: {fileID: 0}
    - target: {fileID: 224513620271390140, guid: 24462cd0f5458fb41ab697985e651c87,
        type: 2}
      propertyPath: m_LocalRotation.y
      value: 0
      objectReference: {fileID: 0}
    - target: {fileID: 224513620271390140, guid: 24462cd0f5458fb41ab697985e651c87,
        type: 2}
      propertyPath: m_LocalRotation.z
      value: 0
      objectReference: {fileID: 0}
    - target: {fileID: 224513620271390140, guid: 24462cd0f5458fb41ab697985e651c87,
        type: 2}
      propertyPath: m_LocalRotation.w
      value: 1
      objectReference: {fileID: 0}
    - target: {fileID: 224513620271390140, guid: 24462cd0f5458fb41ab697985e651c87,
        type: 2}
      propertyPath: m_RootOrder
      value: 1
      objectReference: {fileID: 0}
    - target: {fileID: 224513620271390140, guid: 24462cd0f5458fb41ab697985e651c87,
        type: 2}
      propertyPath: m_AnchoredPosition.x
      value: 0.00000095367
      objectReference: {fileID: 0}
    - target: {fileID: 224513620271390140, guid: 24462cd0f5458fb41ab697985e651c87,
        type: 2}
      propertyPath: m_AnchoredPosition.y
      value: 38.14392
      objectReference: {fileID: 0}
    - target: {fileID: 224513620271390140, guid: 24462cd0f5458fb41ab697985e651c87,
        type: 2}
      propertyPath: m_SizeDelta.x
      value: -50
      objectReference: {fileID: 0}
    - target: {fileID: 224513620271390140, guid: 24462cd0f5458fb41ab697985e651c87,
        type: 2}
      propertyPath: m_SizeDelta.y
      value: 40
      objectReference: {fileID: 0}
    - target: {fileID: 224513620271390140, guid: 24462cd0f5458fb41ab697985e651c87,
        type: 2}
      propertyPath: m_AnchorMin.x
      value: 0
      objectReference: {fileID: 0}
    - target: {fileID: 224513620271390140, guid: 24462cd0f5458fb41ab697985e651c87,
        type: 2}
      propertyPath: m_AnchorMin.y
      value: 0
      objectReference: {fileID: 0}
    - target: {fileID: 224513620271390140, guid: 24462cd0f5458fb41ab697985e651c87,
        type: 2}
      propertyPath: m_AnchorMax.x
      value: 1
      objectReference: {fileID: 0}
    - target: {fileID: 224513620271390140, guid: 24462cd0f5458fb41ab697985e651c87,
        type: 2}
      propertyPath: m_AnchorMax.y
      value: 0
      objectReference: {fileID: 0}
    - target: {fileID: 224513620271390140, guid: 24462cd0f5458fb41ab697985e651c87,
        type: 2}
      propertyPath: m_Pivot.x
      value: 0.5
      objectReference: {fileID: 0}
    - target: {fileID: 224513620271390140, guid: 24462cd0f5458fb41ab697985e651c87,
        type: 2}
      propertyPath: m_Pivot.y
      value: 0.5
      objectReference: {fileID: 0}
    - target: {fileID: 1506712136466146, guid: 24462cd0f5458fb41ab697985e651c87, type: 2}
      propertyPath: m_IsActive
      value: 0
      objectReference: {fileID: 0}
    m_RemovedComponents: []
  m_ParentPrefab: {fileID: 100100000, guid: 24462cd0f5458fb41ab697985e651c87, type: 2}
  m_IsPrefabParent: 0
--- !u!1001 &921085212
Prefab:
  m_ObjectHideFlags: 0
  serializedVersion: 2
  m_Modification:
    m_TransformParent: {fileID: 1014059874}
    m_Modifications:
    - target: {fileID: 224883519356597174, guid: 045e2d61a8944c145a3a0c7c422e931d,
        type: 2}
      propertyPath: m_LocalPosition.x
      value: 0
      objectReference: {fileID: 0}
    - target: {fileID: 224883519356597174, guid: 045e2d61a8944c145a3a0c7c422e931d,
        type: 2}
      propertyPath: m_LocalPosition.y
      value: 0
      objectReference: {fileID: 0}
    - target: {fileID: 224883519356597174, guid: 045e2d61a8944c145a3a0c7c422e931d,
        type: 2}
      propertyPath: m_LocalPosition.z
      value: 0
      objectReference: {fileID: 0}
    - target: {fileID: 224883519356597174, guid: 045e2d61a8944c145a3a0c7c422e931d,
        type: 2}
      propertyPath: m_LocalRotation.x
      value: -0
      objectReference: {fileID: 0}
    - target: {fileID: 224883519356597174, guid: 045e2d61a8944c145a3a0c7c422e931d,
        type: 2}
      propertyPath: m_LocalRotation.y
      value: -0
      objectReference: {fileID: 0}
    - target: {fileID: 224883519356597174, guid: 045e2d61a8944c145a3a0c7c422e931d,
        type: 2}
      propertyPath: m_LocalRotation.z
      value: -0
      objectReference: {fileID: 0}
    - target: {fileID: 224883519356597174, guid: 045e2d61a8944c145a3a0c7c422e931d,
        type: 2}
      propertyPath: m_LocalRotation.w
      value: 1
      objectReference: {fileID: 0}
    - target: {fileID: 224883519356597174, guid: 045e2d61a8944c145a3a0c7c422e931d,
        type: 2}
      propertyPath: m_RootOrder
      value: 4
      objectReference: {fileID: 0}
    - target: {fileID: 224883519356597174, guid: 045e2d61a8944c145a3a0c7c422e931d,
        type: 2}
      propertyPath: m_AnchoredPosition.x
      value: 511.7
      objectReference: {fileID: 0}
    - target: {fileID: 224883519356597174, guid: 045e2d61a8944c145a3a0c7c422e931d,
        type: 2}
      propertyPath: m_AnchoredPosition.y
      value: -800.7559
      objectReference: {fileID: 0}
    - target: {fileID: 224883519356597174, guid: 045e2d61a8944c145a3a0c7c422e931d,
        type: 2}
      propertyPath: m_SizeDelta.x
      value: 306.1
      objectReference: {fileID: 0}
    - target: {fileID: 224883519356597174, guid: 045e2d61a8944c145a3a0c7c422e931d,
        type: 2}
      propertyPath: m_SizeDelta.y
      value: 50.9
      objectReference: {fileID: 0}
    - target: {fileID: 224883519356597174, guid: 045e2d61a8944c145a3a0c7c422e931d,
        type: 2}
      propertyPath: m_AnchorMin.x
      value: 0
      objectReference: {fileID: 0}
    - target: {fileID: 224883519356597174, guid: 045e2d61a8944c145a3a0c7c422e931d,
        type: 2}
      propertyPath: m_AnchorMin.y
      value: 1
      objectReference: {fileID: 0}
    - target: {fileID: 224883519356597174, guid: 045e2d61a8944c145a3a0c7c422e931d,
        type: 2}
      propertyPath: m_AnchorMax.x
      value: 0
      objectReference: {fileID: 0}
    - target: {fileID: 224883519356597174, guid: 045e2d61a8944c145a3a0c7c422e931d,
        type: 2}
      propertyPath: m_AnchorMax.y
      value: 1
      objectReference: {fileID: 0}
    - target: {fileID: 224883519356597174, guid: 045e2d61a8944c145a3a0c7c422e931d,
        type: 2}
      propertyPath: m_Pivot.x
      value: 0.5
      objectReference: {fileID: 0}
    - target: {fileID: 224883519356597174, guid: 045e2d61a8944c145a3a0c7c422e931d,
        type: 2}
      propertyPath: m_Pivot.y
      value: 0.5
      objectReference: {fileID: 0}
    - target: {fileID: 1933534622978836, guid: 045e2d61a8944c145a3a0c7c422e931d, type: 2}
      propertyPath: m_IsActive
      value: 0
      objectReference: {fileID: 0}
    m_RemovedComponents: []
  m_ParentPrefab: {fileID: 100100000, guid: 045e2d61a8944c145a3a0c7c422e931d, type: 2}
  m_IsPrefabParent: 0
--- !u!1001 &930867198
Prefab:
  m_ObjectHideFlags: 0
  serializedVersion: 2
  m_Modification:
    m_TransformParent: {fileID: 1014059874}
    m_Modifications:
    - target: {fileID: 224830920841193736, guid: 6b1238e0773ac364aadc989455330073,
        type: 2}
      propertyPath: m_LocalPosition.x
      value: 0
      objectReference: {fileID: 0}
    - target: {fileID: 224830920841193736, guid: 6b1238e0773ac364aadc989455330073,
        type: 2}
      propertyPath: m_LocalPosition.y
      value: 0
      objectReference: {fileID: 0}
    - target: {fileID: 224830920841193736, guid: 6b1238e0773ac364aadc989455330073,
        type: 2}
      propertyPath: m_LocalPosition.z
      value: 0
      objectReference: {fileID: 0}
    - target: {fileID: 224830920841193736, guid: 6b1238e0773ac364aadc989455330073,
        type: 2}
      propertyPath: m_LocalRotation.x
      value: 0
      objectReference: {fileID: 0}
    - target: {fileID: 224830920841193736, guid: 6b1238e0773ac364aadc989455330073,
        type: 2}
      propertyPath: m_LocalRotation.y
      value: 0
      objectReference: {fileID: 0}
    - target: {fileID: 224830920841193736, guid: 6b1238e0773ac364aadc989455330073,
        type: 2}
      propertyPath: m_LocalRotation.z
      value: 0
      objectReference: {fileID: 0}
    - target: {fileID: 224830920841193736, guid: 6b1238e0773ac364aadc989455330073,
        type: 2}
      propertyPath: m_LocalRotation.w
      value: 1
      objectReference: {fileID: 0}
    - target: {fileID: 224830920841193736, guid: 6b1238e0773ac364aadc989455330073,
        type: 2}
      propertyPath: m_RootOrder
      value: 2
      objectReference: {fileID: 0}
    - target: {fileID: 224830920841193736, guid: 6b1238e0773ac364aadc989455330073,
        type: 2}
      propertyPath: m_AnchoredPosition.x
      value: -6.988037
      objectReference: {fileID: 0}
    - target: {fileID: 224830920841193736, guid: 6b1238e0773ac364aadc989455330073,
        type: 2}
      propertyPath: m_AnchoredPosition.y
      value: -70
      objectReference: {fileID: 0}
    - target: {fileID: 224830920841193736, guid: 6b1238e0773ac364aadc989455330073,
        type: 2}
      propertyPath: m_SizeDelta.x
      value: -21.7
      objectReference: {fileID: 0}
    - target: {fileID: 224830920841193736, guid: 6b1238e0773ac364aadc989455330073,
        type: 2}
      propertyPath: m_SizeDelta.y
      value: -148.62
      objectReference: {fileID: 0}
    - target: {fileID: 224830920841193736, guid: 6b1238e0773ac364aadc989455330073,
        type: 2}
      propertyPath: m_AnchorMin.x
      value: 0.01
      objectReference: {fileID: 0}
    - target: {fileID: 224830920841193736, guid: 6b1238e0773ac364aadc989455330073,
        type: 2}
      propertyPath: m_AnchorMin.y
      value: 0.05
      objectReference: {fileID: 0}
    - target: {fileID: 224830920841193736, guid: 6b1238e0773ac364aadc989455330073,
        type: 2}
      propertyPath: m_AnchorMax.x
      value: 0.2
      objectReference: {fileID: 0}
    - target: {fileID: 224830920841193736, guid: 6b1238e0773ac364aadc989455330073,
        type: 2}
      propertyPath: m_AnchorMax.y
      value: 0.5
      objectReference: {fileID: 0}
    - target: {fileID: 224830920841193736, guid: 6b1238e0773ac364aadc989455330073,
        type: 2}
      propertyPath: m_Pivot.x
      value: 0.5
      objectReference: {fileID: 0}
    - target: {fileID: 224830920841193736, guid: 6b1238e0773ac364aadc989455330073,
        type: 2}
      propertyPath: m_Pivot.y
      value: 0.5
      objectReference: {fileID: 0}
    - target: {fileID: 224443613334619538, guid: 6b1238e0773ac364aadc989455330073,
        type: 2}
      propertyPath: m_AnchorMin.y
      value: 1
      objectReference: {fileID: 0}
    - target: {fileID: 224443613334619538, guid: 6b1238e0773ac364aadc989455330073,
        type: 2}
      propertyPath: m_AnchorMax.y
      value: 1
      objectReference: {fileID: 0}
    - target: {fileID: 224443613334619538, guid: 6b1238e0773ac364aadc989455330073,
        type: 2}
      propertyPath: m_AnchoredPosition.x
      value: 139.2
      objectReference: {fileID: 0}
    - target: {fileID: 224443613334619538, guid: 6b1238e0773ac364aadc989455330073,
        type: 2}
      propertyPath: m_AnchoredPosition.y
      value: -44.035
      objectReference: {fileID: 0}
    - target: {fileID: 224443613334619538, guid: 6b1238e0773ac364aadc989455330073,
        type: 2}
      propertyPath: m_SizeDelta.x
      value: 278.4
      objectReference: {fileID: 0}
    - target: {fileID: 224443613334619538, guid: 6b1238e0773ac364aadc989455330073,
        type: 2}
      propertyPath: m_SizeDelta.y
      value: 88.07
      objectReference: {fileID: 0}
    - target: {fileID: 224649464814712828, guid: 6b1238e0773ac364aadc989455330073,
        type: 2}
      propertyPath: m_AnchorMin.y
      value: 1
      objectReference: {fileID: 0}
    - target: {fileID: 224649464814712828, guid: 6b1238e0773ac364aadc989455330073,
        type: 2}
      propertyPath: m_AnchorMax.y
      value: 1
      objectReference: {fileID: 0}
    - target: {fileID: 224649464814712828, guid: 6b1238e0773ac364aadc989455330073,
        type: 2}
      propertyPath: m_AnchoredPosition.x
      value: 139.2
      objectReference: {fileID: 0}
    - target: {fileID: 224649464814712828, guid: 6b1238e0773ac364aadc989455330073,
        type: 2}
      propertyPath: m_AnchoredPosition.y
      value: -39.515
      objectReference: {fileID: 0}
    - target: {fileID: 224649464814712828, guid: 6b1238e0773ac364aadc989455330073,
        type: 2}
      propertyPath: m_SizeDelta.x
      value: 278.4
      objectReference: {fileID: 0}
    - target: {fileID: 224226640052809656, guid: 6b1238e0773ac364aadc989455330073,
        type: 2}
      propertyPath: m_AnchorMin.y
      value: 1
      objectReference: {fileID: 0}
    - target: {fileID: 224226640052809656, guid: 6b1238e0773ac364aadc989455330073,
        type: 2}
      propertyPath: m_AnchorMax.y
      value: 1
      objectReference: {fileID: 0}
    - target: {fileID: 224226640052809656, guid: 6b1238e0773ac364aadc989455330073,
        type: 2}
      propertyPath: m_AnchoredPosition.x
      value: 139.2
      objectReference: {fileID: 0}
    - target: {fileID: 224226640052809656, guid: 6b1238e0773ac364aadc989455330073,
        type: 2}
      propertyPath: m_AnchoredPosition.y
      value: -118.545
      objectReference: {fileID: 0}
    - target: {fileID: 224226640052809656, guid: 6b1238e0773ac364aadc989455330073,
        type: 2}
      propertyPath: m_SizeDelta.x
      value: 278.4
      objectReference: {fileID: 0}
    - target: {fileID: 224895698856943198, guid: 6b1238e0773ac364aadc989455330073,
        type: 2}
      propertyPath: m_AnchorMin.y
      value: 1
      objectReference: {fileID: 0}
    - target: {fileID: 224895698856943198, guid: 6b1238e0773ac364aadc989455330073,
        type: 2}
      propertyPath: m_AnchorMax.y
      value: 1
      objectReference: {fileID: 0}
    - target: {fileID: 224895698856943198, guid: 6b1238e0773ac364aadc989455330073,
        type: 2}
      propertyPath: m_AnchoredPosition.x
      value: 139.2
      objectReference: {fileID: 0}
    - target: {fileID: 224895698856943198, guid: 6b1238e0773ac364aadc989455330073,
        type: 2}
      propertyPath: m_AnchoredPosition.y
      value: -197.575
      objectReference: {fileID: 0}
    - target: {fileID: 224895698856943198, guid: 6b1238e0773ac364aadc989455330073,
        type: 2}
      propertyPath: m_SizeDelta.x
      value: 278.4
      objectReference: {fileID: 0}
    - target: {fileID: 224297529042303204, guid: 6b1238e0773ac364aadc989455330073,
        type: 2}
      propertyPath: m_AnchorMin.y
      value: 1
      objectReference: {fileID: 0}
    - target: {fileID: 224297529042303204, guid: 6b1238e0773ac364aadc989455330073,
        type: 2}
      propertyPath: m_AnchorMax.y
      value: 1
      objectReference: {fileID: 0}
    - target: {fileID: 224297529042303204, guid: 6b1238e0773ac364aadc989455330073,
        type: 2}
      propertyPath: m_AnchoredPosition.x
      value: 139.2
      objectReference: {fileID: 0}
    - target: {fileID: 224297529042303204, guid: 6b1238e0773ac364aadc989455330073,
        type: 2}
      propertyPath: m_AnchoredPosition.y
      value: -240.44
      objectReference: {fileID: 0}
    - target: {fileID: 224297529042303204, guid: 6b1238e0773ac364aadc989455330073,
        type: 2}
      propertyPath: m_SizeDelta.x
      value: 278.4
      objectReference: {fileID: 0}
    - target: {fileID: 224039030317580308, guid: 6b1238e0773ac364aadc989455330073,
        type: 2}
      propertyPath: m_AnchorMin.y
      value: 1
      objectReference: {fileID: 0}
    - target: {fileID: 224039030317580308, guid: 6b1238e0773ac364aadc989455330073,
        type: 2}
      propertyPath: m_AnchorMax.y
      value: 1
      objectReference: {fileID: 0}
    - target: {fileID: 224039030317580308, guid: 6b1238e0773ac364aadc989455330073,
        type: 2}
      propertyPath: m_AnchoredPosition.x
      value: 139.2
      objectReference: {fileID: 0}
    - target: {fileID: 224039030317580308, guid: 6b1238e0773ac364aadc989455330073,
        type: 2}
      propertyPath: m_AnchoredPosition.y
      value: -287.82498
      objectReference: {fileID: 0}
    - target: {fileID: 224039030317580308, guid: 6b1238e0773ac364aadc989455330073,
        type: 2}
      propertyPath: m_SizeDelta.x
      value: 278.4
      objectReference: {fileID: 0}
    - target: {fileID: 1489373602983092, guid: 6b1238e0773ac364aadc989455330073, type: 2}
      propertyPath: m_IsActive
      value: 0
      objectReference: {fileID: 0}
    m_RemovedComponents: []
  m_ParentPrefab: {fileID: 100100000, guid: 6b1238e0773ac364aadc989455330073, type: 2}
  m_IsPrefabParent: 0
--- !u!224 &943581416 stripped
RectTransform:
  m_PrefabParentObject: {fileID: 224753002018140562, guid: 4955966509882c4488663f5df4d429f9,
    type: 2}
  m_PrefabInternal: {fileID: 888661967}
--- !u!1 &978431335
GameObject:
  m_ObjectHideFlags: 0
  m_PrefabParentObject: {fileID: 0}
  m_PrefabInternal: {fileID: 0}
  serializedVersion: 5
  m_Component:
  - component: {fileID: 978431339}
  - component: {fileID: 978431338}
  - component: {fileID: 978431337}
  - component: {fileID: 978431336}
  m_Layer: 0
  m_Name: Main Camera
  m_TagString: MainCamera
  m_Icon: {fileID: 0}
  m_NavMeshLayer: 0
  m_StaticEditorFlags: 0
  m_IsActive: 1
--- !u!81 &978431336
AudioListener:
  m_ObjectHideFlags: 0
  m_PrefabParentObject: {fileID: 0}
  m_PrefabInternal: {fileID: 0}
  m_GameObject: {fileID: 978431335}
  m_Enabled: 1
--- !u!124 &978431337
Behaviour:
  m_ObjectHideFlags: 0
  m_PrefabParentObject: {fileID: 0}
  m_PrefabInternal: {fileID: 0}
  m_GameObject: {fileID: 978431335}
  m_Enabled: 1
--- !u!20 &978431338
Camera:
  m_ObjectHideFlags: 0
  m_PrefabParentObject: {fileID: 0}
  m_PrefabInternal: {fileID: 0}
  m_GameObject: {fileID: 978431335}
  m_Enabled: 1
  serializedVersion: 2
  m_ClearFlags: 2
  m_BackGroundColor: {r: 0.19215687, g: 0.3019608, b: 0.4745098, a: 0}
  m_NormalizedViewPortRect:
    serializedVersion: 2
    x: 0
    y: 0
    width: 1
    height: 1
  near clip plane: 0.3
  far clip plane: 1000
  field of view: 60
  orthographic: 1
  orthographic size: 5
  m_Depth: -1
  m_CullingMask:
    serializedVersion: 2
    m_Bits: 4294967295
  m_RenderingPath: -1
  m_TargetTexture: {fileID: 0}
  m_TargetDisplay: 0
  m_TargetEye: 3
  m_HDR: 1
  m_AllowMSAA: 1
  m_AllowDynamicResolution: 0
  m_ForceIntoRT: 0
  m_OcclusionCulling: 1
  m_StereoConvergence: 10
  m_StereoSeparation: 0.022
--- !u!4 &978431339
Transform:
  m_ObjectHideFlags: 0
  m_PrefabParentObject: {fileID: 0}
  m_PrefabInternal: {fileID: 0}
  m_GameObject: {fileID: 978431335}
  m_LocalRotation: {x: 0, y: 0, z: 0, w: 1}
  m_LocalPosition: {x: 0, y: 1, z: -10}
  m_LocalScale: {x: 1, y: 1, z: 1}
  m_Children: []
  m_Father: {fileID: 0}
  m_RootOrder: 0
  m_LocalEulerAnglesHint: {x: 0, y: 0, z: 0}
--- !u!1 &1014059870
GameObject:
  m_ObjectHideFlags: 0
  m_PrefabParentObject: {fileID: 0}
  m_PrefabInternal: {fileID: 0}
  serializedVersion: 5
  m_Component:
  - component: {fileID: 1014059874}
  - component: {fileID: 1014059873}
  - component: {fileID: 1014059872}
  - component: {fileID: 1014059871}
  m_Layer: 5
  m_Name: Canvas
  m_TagString: Untagged
  m_Icon: {fileID: 0}
  m_NavMeshLayer: 0
  m_StaticEditorFlags: 0
  m_IsActive: 0
--- !u!114 &1014059871
MonoBehaviour:
  m_ObjectHideFlags: 0
  m_PrefabParentObject: {fileID: 0}
  m_PrefabInternal: {fileID: 0}
  m_GameObject: {fileID: 1014059870}
  m_Enabled: 1
  m_EditorHideFlags: 0
  m_Script: {fileID: 1301386320, guid: f5f67c52d1564df4a8936ccd202a3bd8, type: 3}
  m_Name: 
  m_EditorClassIdentifier: 
  m_IgnoreReversedGraphics: 1
  m_BlockingObjects: 0
  m_BlockingMask:
    serializedVersion: 2
    m_Bits: 4294967295
--- !u!114 &1014059872
MonoBehaviour:
  m_ObjectHideFlags: 0
  m_PrefabParentObject: {fileID: 0}
  m_PrefabInternal: {fileID: 0}
  m_GameObject: {fileID: 1014059870}
  m_Enabled: 1
  m_EditorHideFlags: 0
  m_Script: {fileID: 1980459831, guid: f5f67c52d1564df4a8936ccd202a3bd8, type: 3}
  m_Name: 
  m_EditorClassIdentifier: 
  m_UiScaleMode: 1
  m_ReferencePixelsPerUnit: 100
  m_ScaleFactor: 1
  m_ReferenceResolution: {x: 1920, y: 1080}
  m_ScreenMatchMode: 0
  m_MatchWidthOrHeight: 0
  m_PhysicalUnit: 3
  m_FallbackScreenDPI: 96
  m_DefaultSpriteDPI: 96
  m_DynamicPixelsPerUnit: 1
--- !u!223 &1014059873
Canvas:
  m_ObjectHideFlags: 0
  m_PrefabParentObject: {fileID: 0}
  m_PrefabInternal: {fileID: 0}
  m_GameObject: {fileID: 1014059870}
  m_Enabled: 1
  serializedVersion: 3
  m_RenderMode: 0
  m_Camera: {fileID: 978431338}
  m_PlaneDistance: 100
  m_PixelPerfect: 0
  m_ReceivesEvents: 1
  m_OverrideSorting: 0
  m_OverridePixelPerfect: 0
  m_SortingBucketNormalizedSize: 0
  m_AdditionalShaderChannelsFlag: 0
  m_SortingLayerID: 0
  m_SortingOrder: 0
  m_TargetDisplay: 0
--- !u!224 &1014059874
RectTransform:
  m_ObjectHideFlags: 0
  m_PrefabParentObject: {fileID: 0}
  m_PrefabInternal: {fileID: 0}
  m_GameObject: {fileID: 1014059870}
  m_LocalRotation: {x: 0, y: 0, z: 0, w: 1}
  m_LocalPosition: {x: 0, y: 0, z: 0}
  m_LocalScale: {x: 0, y: 0, z: 0}
  m_Children:
  - {fileID: 370822379}
  - {fileID: 2073244996}
  - {fileID: 223294202}
  - {fileID: 540235480}
  - {fileID: 1466640792}
  - {fileID: 1139933244}
  - {fileID: 656603266}
  - {fileID: 1444033817}
  - {fileID: 491518222}
  - {fileID: 496513521}
  - {fileID: 42533930}
  - {fileID: 806076004}
  - {fileID: 943581416}
  - {fileID: 505468441}
  - {fileID: 2077997254}
  m_Father: {fileID: 0}
  m_RootOrder: 3
  m_LocalEulerAnglesHint: {x: 0, y: 0, z: 0}
  m_AnchorMin: {x: 0, y: 0}
  m_AnchorMax: {x: 0, y: 0}
  m_AnchoredPosition: {x: 0, y: 0}
  m_SizeDelta: {x: 0, y: 0}
  m_Pivot: {x: 0, y: 0}
--- !u!224 &1139933244 stripped
RectTransform:
  m_PrefabParentObject: {fileID: 224323862807838132, guid: 393266d7f1c501b488ccf02b7f329ca8,
    type: 2}
  m_PrefabInternal: {fileID: 1604881261}
--- !u!1 &1266033422
GameObject:
  m_ObjectHideFlags: 0
  m_PrefabParentObject: {fileID: 0}
  m_PrefabInternal: {fileID: 0}
  serializedVersion: 5
  m_Component:
  - component: {fileID: 1266033425}
  - component: {fileID: 1266033424}
  - component: {fileID: 1266033423}
  m_Layer: 0
  m_Name: New Sprite
  m_TagString: Untagged
  m_Icon: {fileID: 0}
  m_NavMeshLayer: 0
  m_StaticEditorFlags: 0
  m_IsActive: 1
--- !u!95 &1266033423
Animator:
  serializedVersion: 3
  m_ObjectHideFlags: 0
  m_PrefabParentObject: {fileID: 0}
  m_PrefabInternal: {fileID: 0}
  m_GameObject: {fileID: 1266033422}
  m_Enabled: 1
  m_Avatar: {fileID: 0}
  m_Controller: {fileID: 9100000, guid: aac74c40e8afed8498db8a9239650225, type: 2}
  m_CullingMode: 0
  m_UpdateMode: 0
  m_ApplyRootMotion: 0
  m_LinearVelocityBlending: 0
  m_WarningMessage: 
  m_HasTransformHierarchy: 1
  m_AllowConstantClipSamplingOptimization: 1
--- !u!212 &1266033424
SpriteRenderer:
  m_ObjectHideFlags: 0
  m_PrefabParentObject: {fileID: 0}
  m_PrefabInternal: {fileID: 0}
  m_GameObject: {fileID: 1266033422}
  m_Enabled: 1
  m_CastShadows: 0
  m_ReceiveShadows: 0
  m_DynamicOccludee: 1
  m_MotionVectors: 1
  m_LightProbeUsage: 1
  m_ReflectionProbeUsage: 1
  m_Materials:
  - {fileID: 10754, guid: 0000000000000000f000000000000000, type: 0}
  m_StaticBatchInfo:
    firstSubMesh: 0
    subMeshCount: 0
  m_StaticBatchRoot: {fileID: 0}
  m_ProbeAnchor: {fileID: 0}
  m_LightProbeVolumeOverride: {fileID: 0}
  m_ScaleInLightmap: 1
  m_PreserveUVs: 0
  m_IgnoreNormalsForChartDetection: 0
  m_ImportantGI: 0
  m_StitchLightmapSeams: 0
  m_SelectedEditorRenderState: 0
  m_MinimumChartSize: 4
  m_AutoUVMaxDistance: 0.5
  m_AutoUVMaxAngle: 89
  m_LightmapParameters: {fileID: 0}
  m_SortingLayerID: 0
  m_SortingLayer: 0
  m_SortingOrder: 0
  m_Sprite: {fileID: 21300000, guid: 65401724c8233fa4189b1c59d0a1587f, type: 3}
  m_Color: {r: 1, g: 1, b: 1, a: 1}
  m_FlipX: 0
  m_FlipY: 0
  m_DrawMode: 0
  m_Size: {x: 0.6, y: 0.97}
  m_AdaptiveModeThreshold: 0.5
  m_SpriteTileMode: 0
  m_WasSpriteAssigned: 1
  m_MaskInteraction: 0
--- !u!4 &1266033425
Transform:
  m_ObjectHideFlags: 0
  m_PrefabParentObject: {fileID: 0}
  m_PrefabInternal: {fileID: 0}
  m_GameObject: {fileID: 1266033422}
  m_LocalRotation: {x: 0, y: 0, z: 0, w: 1}
  m_LocalPosition: {x: -0.807, y: 0, z: 0}
  m_LocalScale: {x: 1, y: 1, z: 1}
  m_Children: []
  m_Father: {fileID: 0}
  m_RootOrder: 5
  m_LocalEulerAnglesHint: {x: 0, y: 0, z: 0}
--- !u!1 &1328928656
GameObject:
  m_ObjectHideFlags: 0
  m_PrefabParentObject: {fileID: 0}
  m_PrefabInternal: {fileID: 0}
  serializedVersion: 5
  m_Component:
  - component: {fileID: 1328928658}
  - component: {fileID: 1328928657}
  m_Layer: 0
  m_Name: Directional Light
  m_TagString: Untagged
  m_Icon: {fileID: 0}
  m_NavMeshLayer: 0
  m_StaticEditorFlags: 0
  m_IsActive: 1
--- !u!108 &1328928657
Light:
  m_ObjectHideFlags: 0
  m_PrefabParentObject: {fileID: 0}
  m_PrefabInternal: {fileID: 0}
  m_GameObject: {fileID: 1328928656}
  m_Enabled: 1
  serializedVersion: 8
  m_Type: 1
  m_Color: {r: 1, g: 0.95686275, b: 0.8392157, a: 1}
  m_Intensity: 1
  m_Range: 10
  m_SpotAngle: 30
  m_CookieSize: 10
  m_Shadows:
    m_Type: 2
    m_Resolution: -1
    m_CustomResolution: -1
    m_Strength: 1
    m_Bias: 0.05
    m_NormalBias: 0.4
    m_NearPlane: 0.2
  m_Cookie: {fileID: 0}
  m_DrawHalo: 0
  m_Flare: {fileID: 0}
  m_RenderMode: 0
  m_CullingMask:
    serializedVersion: 2
    m_Bits: 4294967295
  m_Lightmapping: 4
  m_AreaSize: {x: 1, y: 1}
  m_BounceIntensity: 1
  m_ColorTemperature: 6570
  m_UseColorTemperature: 0
  m_ShadowRadius: 0
  m_ShadowAngle: 0
--- !u!4 &1328928658
Transform:
  m_ObjectHideFlags: 0
  m_PrefabParentObject: {fileID: 0}
  m_PrefabInternal: {fileID: 0}
  m_GameObject: {fileID: 1328928656}
  m_LocalRotation: {x: 0.40821788, y: -0.23456968, z: 0.10938163, w: 0.8754261}
  m_LocalPosition: {x: 0, y: 3, z: 0}
  m_LocalScale: {x: 1, y: 1, z: 1}
  m_Children: []
  m_Father: {fileID: 0}
  m_RootOrder: 1
  m_LocalEulerAnglesHint: {x: 50, y: -30, z: 0}
--- !u!1001 &1412934816
Prefab:
  m_ObjectHideFlags: 0
  serializedVersion: 2
  m_Modification:
    m_TransformParent: {fileID: 1014059874}
    m_Modifications:
    - target: {fileID: 224908635863264882, guid: ab529716c54658a41bda345d0fb11c00,
        type: 2}
      propertyPath: m_LocalPosition.x
      value: 0
      objectReference: {fileID: 0}
    - target: {fileID: 224908635863264882, guid: ab529716c54658a41bda345d0fb11c00,
        type: 2}
      propertyPath: m_LocalPosition.y
      value: 0
      objectReference: {fileID: 0}
    - target: {fileID: 224908635863264882, guid: ab529716c54658a41bda345d0fb11c00,
        type: 2}
      propertyPath: m_LocalPosition.z
      value: 0
      objectReference: {fileID: 0}
    - target: {fileID: 224908635863264882, guid: ab529716c54658a41bda345d0fb11c00,
        type: 2}
      propertyPath: m_LocalRotation.x
      value: -0
      objectReference: {fileID: 0}
    - target: {fileID: 224908635863264882, guid: ab529716c54658a41bda345d0fb11c00,
        type: 2}
      propertyPath: m_LocalRotation.y
      value: -0
      objectReference: {fileID: 0}
    - target: {fileID: 224908635863264882, guid: ab529716c54658a41bda345d0fb11c00,
        type: 2}
      propertyPath: m_LocalRotation.z
      value: -0
      objectReference: {fileID: 0}
    - target: {fileID: 224908635863264882, guid: ab529716c54658a41bda345d0fb11c00,
        type: 2}
      propertyPath: m_LocalRotation.w
      value: 1
      objectReference: {fileID: 0}
    - target: {fileID: 224908635863264882, guid: ab529716c54658a41bda345d0fb11c00,
        type: 2}
      propertyPath: m_RootOrder
      value: 10
      objectReference: {fileID: 0}
    - target: {fileID: 224908635863264882, guid: ab529716c54658a41bda345d0fb11c00,
        type: 2}
      propertyPath: m_AnchoredPosition.x
      value: 6.4000244
      objectReference: {fileID: 0}
    - target: {fileID: 224908635863264882, guid: ab529716c54658a41bda345d0fb11c00,
        type: 2}
      propertyPath: m_AnchoredPosition.y
      value: 22.299927
      objectReference: {fileID: 0}
    - target: {fileID: 224908635863264882, guid: ab529716c54658a41bda345d0fb11c00,
        type: 2}
      propertyPath: m_SizeDelta.x
      value: 1360.7
      objectReference: {fileID: 0}
    - target: {fileID: 224908635863264882, guid: ab529716c54658a41bda345d0fb11c00,
        type: 2}
      propertyPath: m_SizeDelta.y
      value: 815.5
      objectReference: {fileID: 0}
    - target: {fileID: 224908635863264882, guid: ab529716c54658a41bda345d0fb11c00,
        type: 2}
      propertyPath: m_AnchorMin.x
      value: 0.5
      objectReference: {fileID: 0}
    - target: {fileID: 224908635863264882, guid: ab529716c54658a41bda345d0fb11c00,
        type: 2}
      propertyPath: m_AnchorMin.y
      value: 0.5
      objectReference: {fileID: 0}
    - target: {fileID: 224908635863264882, guid: ab529716c54658a41bda345d0fb11c00,
        type: 2}
      propertyPath: m_AnchorMax.x
      value: 0.5
      objectReference: {fileID: 0}
    - target: {fileID: 224908635863264882, guid: ab529716c54658a41bda345d0fb11c00,
        type: 2}
      propertyPath: m_AnchorMax.y
      value: 0.5
      objectReference: {fileID: 0}
    - target: {fileID: 224908635863264882, guid: ab529716c54658a41bda345d0fb11c00,
        type: 2}
      propertyPath: m_Pivot.x
      value: 0.5
      objectReference: {fileID: 0}
    - target: {fileID: 224908635863264882, guid: ab529716c54658a41bda345d0fb11c00,
        type: 2}
      propertyPath: m_Pivot.y
      value: 0.5
      objectReference: {fileID: 0}
    - target: {fileID: 224535357231824000, guid: ab529716c54658a41bda345d0fb11c00,
        type: 2}
      propertyPath: m_AnchorMax.x
      value: 1
      objectReference: {fileID: 0}
    - target: {fileID: 224535357231824000, guid: ab529716c54658a41bda345d0fb11c00,
        type: 2}
      propertyPath: m_AnchorMax.y
      value: 1
      objectReference: {fileID: 0}
    - target: {fileID: 224890777701896084, guid: ab529716c54658a41bda345d0fb11c00,
        type: 2}
      propertyPath: m_AnchoredPosition.y
      value: 0.000022739972
      objectReference: {fileID: 0}
    - target: {fileID: 224326770536056936, guid: ab529716c54658a41bda345d0fb11c00,
        type: 2}
      propertyPath: m_AnchorMax.x
      value: 1
      objectReference: {fileID: 0}
    - target: {fileID: 224326770536056936, guid: ab529716c54658a41bda345d0fb11c00,
        type: 2}
      propertyPath: m_AnchorMax.y
      value: 1
      objectReference: {fileID: 0}
    - target: {fileID: 224326770536056936, guid: ab529716c54658a41bda345d0fb11c00,
        type: 2}
      propertyPath: m_SizeDelta.x
      value: -17
      objectReference: {fileID: 0}
    - target: {fileID: 224679578531497534, guid: ab529716c54658a41bda345d0fb11c00,
        type: 2}
      propertyPath: m_AnchorMax.x
      value: 1
      objectReference: {fileID: 0}
    - target: {fileID: 224679578531497534, guid: ab529716c54658a41bda345d0fb11c00,
        type: 2}
      propertyPath: m_SizeDelta.x
      value: -17
      objectReference: {fileID: 0}
    - target: {fileID: 1169425820527438, guid: ab529716c54658a41bda345d0fb11c00, type: 2}
      propertyPath: m_IsActive
      value: 0
      objectReference: {fileID: 0}
    m_RemovedComponents: []
  m_ParentPrefab: {fileID: 100100000, guid: ab529716c54658a41bda345d0fb11c00, type: 2}
  m_IsPrefabParent: 0
--- !u!224 &1444033817 stripped
RectTransform:
  m_PrefabParentObject: {fileID: 224847101837670884, guid: b8bd92df5e3a19c46bc0d5332b185d0f,
    type: 2}
  m_PrefabInternal: {fileID: 83779578}
--- !u!224 &1466640792 stripped
RectTransform:
  m_PrefabParentObject: {fileID: 224883519356597174, guid: 045e2d61a8944c145a3a0c7c422e931d,
    type: 2}
  m_PrefabInternal: {fileID: 921085212}
--- !u!1001 &1577940230
Prefab:
  m_ObjectHideFlags: 0
  serializedVersion: 2
  m_Modification:
    m_TransformParent: {fileID: 1014059874}
    m_Modifications:
    - target: {fileID: 224523526847870572, guid: e6a491df1215f1b46ae60fad12322b1b,
        type: 2}
      propertyPath: m_LocalPosition.x
      value: 0
      objectReference: {fileID: 0}
    - target: {fileID: 224523526847870572, guid: e6a491df1215f1b46ae60fad12322b1b,
        type: 2}
      propertyPath: m_LocalPosition.y
      value: 0
      objectReference: {fileID: 0}
    - target: {fileID: 224523526847870572, guid: e6a491df1215f1b46ae60fad12322b1b,
        type: 2}
      propertyPath: m_LocalPosition.z
      value: 0
      objectReference: {fileID: 0}
    - target: {fileID: 224523526847870572, guid: e6a491df1215f1b46ae60fad12322b1b,
        type: 2}
      propertyPath: m_LocalRotation.x
      value: 0
      objectReference: {fileID: 0}
    - target: {fileID: 224523526847870572, guid: e6a491df1215f1b46ae60fad12322b1b,
        type: 2}
      propertyPath: m_LocalRotation.y
      value: 0
      objectReference: {fileID: 0}
    - target: {fileID: 224523526847870572, guid: e6a491df1215f1b46ae60fad12322b1b,
        type: 2}
      propertyPath: m_LocalRotation.z
      value: 0
      objectReference: {fileID: 0}
    - target: {fileID: 224523526847870572, guid: e6a491df1215f1b46ae60fad12322b1b,
        type: 2}
      propertyPath: m_LocalRotation.w
      value: 1
      objectReference: {fileID: 0}
    - target: {fileID: 224523526847870572, guid: e6a491df1215f1b46ae60fad12322b1b,
        type: 2}
      propertyPath: m_RootOrder
      value: 0
      objectReference: {fileID: 0}
    - target: {fileID: 224523526847870572, guid: e6a491df1215f1b46ae60fad12322b1b,
        type: 2}
      propertyPath: m_AnchoredPosition.x
      value: 0.000104902836
      objectReference: {fileID: 0}
    - target: {fileID: 224523526847870572, guid: e6a491df1215f1b46ae60fad12322b1b,
        type: 2}
      propertyPath: m_AnchoredPosition.y
      value: 20.635
      objectReference: {fileID: 0}
    - target: {fileID: 224523526847870572, guid: e6a491df1215f1b46ae60fad12322b1b,
        type: 2}
      propertyPath: m_SizeDelta.x
      value: 0
      objectReference: {fileID: 0}
    - target: {fileID: 224523526847870572, guid: e6a491df1215f1b46ae60fad12322b1b,
        type: 2}
      propertyPath: m_SizeDelta.y
      value: -41.271
      objectReference: {fileID: 0}
    - target: {fileID: 224523526847870572, guid: e6a491df1215f1b46ae60fad12322b1b,
        type: 2}
      propertyPath: m_AnchorMin.x
      value: 0
      objectReference: {fileID: 0}
    - target: {fileID: 224523526847870572, guid: e6a491df1215f1b46ae60fad12322b1b,
        type: 2}
      propertyPath: m_AnchorMin.y
      value: 0
      objectReference: {fileID: 0}
    - target: {fileID: 224523526847870572, guid: e6a491df1215f1b46ae60fad12322b1b,
        type: 2}
      propertyPath: m_AnchorMax.x
      value: 1
      objectReference: {fileID: 0}
    - target: {fileID: 224523526847870572, guid: e6a491df1215f1b46ae60fad12322b1b,
        type: 2}
      propertyPath: m_AnchorMax.y
      value: 1
      objectReference: {fileID: 0}
    - target: {fileID: 224523526847870572, guid: e6a491df1215f1b46ae60fad12322b1b,
        type: 2}
      propertyPath: m_Pivot.x
      value: 0.5
      objectReference: {fileID: 0}
    - target: {fileID: 224523526847870572, guid: e6a491df1215f1b46ae60fad12322b1b,
        type: 2}
      propertyPath: m_Pivot.y
      value: 0.5
      objectReference: {fileID: 0}
    - target: {fileID: 114166818946090530, guid: e6a491df1215f1b46ae60fad12322b1b,
        type: 2}
      propertyPath: m_Sprite
      value: 
      objectReference: {fileID: 21300000, guid: fdd93edda116fad49b96c5b2da4781b9,
        type: 3}
    - target: {fileID: 1759376211628976, guid: e6a491df1215f1b46ae60fad12322b1b, type: 2}
      propertyPath: m_IsActive
      value: 0
      objectReference: {fileID: 0}
    m_RemovedComponents: []
  m_ParentPrefab: {fileID: 100100000, guid: e6a491df1215f1b46ae60fad12322b1b, type: 2}
  m_IsPrefabParent: 0
--- !u!1001 &1604881261
Prefab:
  m_ObjectHideFlags: 0
  serializedVersion: 2
  m_Modification:
    m_TransformParent: {fileID: 1014059874}
    m_Modifications:
    - target: {fileID: 224323862807838132, guid: 393266d7f1c501b488ccf02b7f329ca8,
        type: 2}
      propertyPath: m_LocalPosition.x
      value: 0
      objectReference: {fileID: 0}
    - target: {fileID: 224323862807838132, guid: 393266d7f1c501b488ccf02b7f329ca8,
        type: 2}
      propertyPath: m_LocalPosition.y
      value: 0
      objectReference: {fileID: 0}
    - target: {fileID: 224323862807838132, guid: 393266d7f1c501b488ccf02b7f329ca8,
        type: 2}
      propertyPath: m_LocalPosition.z
      value: 0
      objectReference: {fileID: 0}
    - target: {fileID: 224323862807838132, guid: 393266d7f1c501b488ccf02b7f329ca8,
        type: 2}
      propertyPath: m_LocalRotation.x
      value: 0
      objectReference: {fileID: 0}
    - target: {fileID: 224323862807838132, guid: 393266d7f1c501b488ccf02b7f329ca8,
        type: 2}
      propertyPath: m_LocalRotation.y
      value: 0
      objectReference: {fileID: 0}
    - target: {fileID: 224323862807838132, guid: 393266d7f1c501b488ccf02b7f329ca8,
        type: 2}
      propertyPath: m_LocalRotation.z
      value: 0
      objectReference: {fileID: 0}
    - target: {fileID: 224323862807838132, guid: 393266d7f1c501b488ccf02b7f329ca8,
        type: 2}
      propertyPath: m_LocalRotation.w
      value: 1
      objectReference: {fileID: 0}
    - target: {fileID: 224323862807838132, guid: 393266d7f1c501b488ccf02b7f329ca8,
        type: 2}
      propertyPath: m_RootOrder
      value: 5
      objectReference: {fileID: 0}
    - target: {fileID: 224323862807838132, guid: 393266d7f1c501b488ccf02b7f329ca8,
        type: 2}
      propertyPath: m_AnchoredPosition.x
      value: 0
      objectReference: {fileID: 0}
    - target: {fileID: 224323862807838132, guid: 393266d7f1c501b488ccf02b7f329ca8,
        type: 2}
      propertyPath: m_AnchoredPosition.y
      value: 0
      objectReference: {fileID: 0}
    - target: {fileID: 224323862807838132, guid: 393266d7f1c501b488ccf02b7f329ca8,
        type: 2}
      propertyPath: m_SizeDelta.x
      value: 0
      objectReference: {fileID: 0}
    - target: {fileID: 224323862807838132, guid: 393266d7f1c501b488ccf02b7f329ca8,
        type: 2}
      propertyPath: m_SizeDelta.y
      value: 0
      objectReference: {fileID: 0}
    - target: {fileID: 224323862807838132, guid: 393266d7f1c501b488ccf02b7f329ca8,
        type: 2}
      propertyPath: m_AnchorMin.x
      value: 0.3
      objectReference: {fileID: 0}
    - target: {fileID: 224323862807838132, guid: 393266d7f1c501b488ccf02b7f329ca8,
        type: 2}
      propertyPath: m_AnchorMin.y
      value: 0.2
      objectReference: {fileID: 0}
    - target: {fileID: 224323862807838132, guid: 393266d7f1c501b488ccf02b7f329ca8,
        type: 2}
      propertyPath: m_AnchorMax.x
      value: 0.7
      objectReference: {fileID: 0}
    - target: {fileID: 224323862807838132, guid: 393266d7f1c501b488ccf02b7f329ca8,
        type: 2}
      propertyPath: m_AnchorMax.y
      value: 0.8
      objectReference: {fileID: 0}
    - target: {fileID: 224323862807838132, guid: 393266d7f1c501b488ccf02b7f329ca8,
        type: 2}
      propertyPath: m_Pivot.x
      value: 0.5
      objectReference: {fileID: 0}
    - target: {fileID: 224323862807838132, guid: 393266d7f1c501b488ccf02b7f329ca8,
        type: 2}
      propertyPath: m_Pivot.y
      value: 0.5
      objectReference: {fileID: 0}
    - target: {fileID: 224054913233110526, guid: 393266d7f1c501b488ccf02b7f329ca8,
        type: 2}
      propertyPath: m_AnchorMin.y
      value: 1
      objectReference: {fileID: 0}
    - target: {fileID: 224054913233110526, guid: 393266d7f1c501b488ccf02b7f329ca8,
        type: 2}
      propertyPath: m_AnchorMax.y
      value: 1
      objectReference: {fileID: 0}
    - target: {fileID: 224054913233110526, guid: 393266d7f1c501b488ccf02b7f329ca8,
        type: 2}
      propertyPath: m_AnchoredPosition.x
      value: 372.55682
      objectReference: {fileID: 0}
    - target: {fileID: 224054913233110526, guid: 393266d7f1c501b488ccf02b7f329ca8,
        type: 2}
      propertyPath: m_AnchoredPosition.y
      value: -282.2688
      objectReference: {fileID: 0}
    - target: {fileID: 224054913233110526, guid: 393266d7f1c501b488ccf02b7f329ca8,
        type: 2}
      propertyPath: m_SizeDelta.x
      value: 735.11365
      objectReference: {fileID: 0}
    - target: {fileID: 224054913233110526, guid: 393266d7f1c501b488ccf02b7f329ca8,
        type: 2}
      propertyPath: m_SizeDelta.y
      value: 554.5376
      objectReference: {fileID: 0}
    - target: {fileID: 1739313048517132, guid: 393266d7f1c501b488ccf02b7f329ca8, type: 2}
      propertyPath: m_IsActive
      value: 0
      objectReference: {fileID: 0}
    m_RemovedComponents: []
  m_ParentPrefab: {fileID: 100100000, guid: 393266d7f1c501b488ccf02b7f329ca8, type: 2}
  m_IsPrefabParent: 0
--- !u!1001 &1924599542
Prefab:
  m_ObjectHideFlags: 0
  serializedVersion: 2
  m_Modification:
    m_TransformParent: {fileID: 1014059874}
    m_Modifications:
    - target: {fileID: 224206705778885052, guid: dbea8e2c6d5fca742b614fc72eb8e17e,
        type: 2}
      propertyPath: m_LocalPosition.x
      value: 0
      objectReference: {fileID: 0}
    - target: {fileID: 224206705778885052, guid: dbea8e2c6d5fca742b614fc72eb8e17e,
        type: 2}
      propertyPath: m_LocalPosition.y
      value: 0
      objectReference: {fileID: 0}
    - target: {fileID: 224206705778885052, guid: dbea8e2c6d5fca742b614fc72eb8e17e,
        type: 2}
      propertyPath: m_LocalPosition.z
      value: 0
      objectReference: {fileID: 0}
    - target: {fileID: 224206705778885052, guid: dbea8e2c6d5fca742b614fc72eb8e17e,
        type: 2}
      propertyPath: m_LocalRotation.x
      value: -0
      objectReference: {fileID: 0}
    - target: {fileID: 224206705778885052, guid: dbea8e2c6d5fca742b614fc72eb8e17e,
        type: 2}
      propertyPath: m_LocalRotation.y
      value: -0
      objectReference: {fileID: 0}
    - target: {fileID: 224206705778885052, guid: dbea8e2c6d5fca742b614fc72eb8e17e,
        type: 2}
      propertyPath: m_LocalRotation.z
      value: -0
      objectReference: {fileID: 0}
    - target: {fileID: 224206705778885052, guid: dbea8e2c6d5fca742b614fc72eb8e17e,
        type: 2}
      propertyPath: m_LocalRotation.w
      value: 1
      objectReference: {fileID: 0}
    - target: {fileID: 224206705778885052, guid: dbea8e2c6d5fca742b614fc72eb8e17e,
        type: 2}
      propertyPath: m_RootOrder
      value: 6
      objectReference: {fileID: 0}
    - target: {fileID: 224206705778885052, guid: dbea8e2c6d5fca742b614fc72eb8e17e,
        type: 2}
      propertyPath: m_AnchoredPosition.x
      value: 0
      objectReference: {fileID: 0}
    - target: {fileID: 224206705778885052, guid: dbea8e2c6d5fca742b614fc72eb8e17e,
        type: 2}
      propertyPath: m_AnchoredPosition.y
      value: -0.00000166893
      objectReference: {fileID: 0}
    - target: {fileID: 224206705778885052, guid: dbea8e2c6d5fca742b614fc72eb8e17e,
        type: 2}
      propertyPath: m_SizeDelta.x
      value: 0
      objectReference: {fileID: 0}
    - target: {fileID: 224206705778885052, guid: dbea8e2c6d5fca742b614fc72eb8e17e,
        type: 2}
      propertyPath: m_SizeDelta.y
      value: 0
      objectReference: {fileID: 0}
    - target: {fileID: 224206705778885052, guid: dbea8e2c6d5fca742b614fc72eb8e17e,
        type: 2}
      propertyPath: m_AnchorMin.x
      value: 0.3
      objectReference: {fileID: 0}
    - target: {fileID: 224206705778885052, guid: dbea8e2c6d5fca742b614fc72eb8e17e,
        type: 2}
      propertyPath: m_AnchorMin.y
      value: 0.2
      objectReference: {fileID: 0}
    - target: {fileID: 224206705778885052, guid: dbea8e2c6d5fca742b614fc72eb8e17e,
        type: 2}
      propertyPath: m_AnchorMax.x
      value: 0.7
      objectReference: {fileID: 0}
    - target: {fileID: 224206705778885052, guid: dbea8e2c6d5fca742b614fc72eb8e17e,
        type: 2}
      propertyPath: m_AnchorMax.y
      value: 0.8
      objectReference: {fileID: 0}
    - target: {fileID: 224206705778885052, guid: dbea8e2c6d5fca742b614fc72eb8e17e,
        type: 2}
      propertyPath: m_Pivot.x
      value: 0.5
      objectReference: {fileID: 0}
    - target: {fileID: 224206705778885052, guid: dbea8e2c6d5fca742b614fc72eb8e17e,
        type: 2}
      propertyPath: m_Pivot.y
      value: 0.5
      objectReference: {fileID: 0}
    - target: {fileID: 224365953738898864, guid: dbea8e2c6d5fca742b614fc72eb8e17e,
        type: 2}
      propertyPath: m_AnchorMin.y
      value: 1
      objectReference: {fileID: 0}
    - target: {fileID: 224365953738898864, guid: dbea8e2c6d5fca742b614fc72eb8e17e,
        type: 2}
      propertyPath: m_AnchorMax.y
      value: 1
      objectReference: {fileID: 0}
    - target: {fileID: 224365953738898864, guid: dbea8e2c6d5fca742b614fc72eb8e17e,
        type: 2}
      propertyPath: m_AnchoredPosition.x
      value: 372.55682
      objectReference: {fileID: 0}
    - target: {fileID: 224365953738898864, guid: dbea8e2c6d5fca742b614fc72eb8e17e,
        type: 2}
      propertyPath: m_AnchoredPosition.y
      value: -282.2688
      objectReference: {fileID: 0}
    - target: {fileID: 224365953738898864, guid: dbea8e2c6d5fca742b614fc72eb8e17e,
        type: 2}
      propertyPath: m_SizeDelta.x
      value: 735.11365
      objectReference: {fileID: 0}
    - target: {fileID: 224365953738898864, guid: dbea8e2c6d5fca742b614fc72eb8e17e,
        type: 2}
      propertyPath: m_SizeDelta.y
      value: 554.5376
      objectReference: {fileID: 0}
    - target: {fileID: 1870529642898574, guid: dbea8e2c6d5fca742b614fc72eb8e17e, type: 2}
      propertyPath: m_IsActive
      value: 0
      objectReference: {fileID: 0}
    m_RemovedComponents: []
  m_ParentPrefab: {fileID: 100100000, guid: dbea8e2c6d5fca742b614fc72eb8e17e, type: 2}
  m_IsPrefabParent: 0
--- !u!224 &2073244996 stripped
RectTransform:
  m_PrefabParentObject: {fileID: 224513620271390140, guid: 24462cd0f5458fb41ab697985e651c87,
    type: 2}
  m_PrefabInternal: {fileID: 910783809}
--- !u!224 &2077997254 stripped
RectTransform:
  m_PrefabParentObject: {fileID: 224356517745731222, guid: 922441d01a9f33249b3decc0142e319c,
    type: 2}
  m_PrefabInternal: {fileID: 2131567009}
--- !u!1001 &2086057149
Prefab:
  m_ObjectHideFlags: 0
  serializedVersion: 2
  m_Modification:
    m_TransformParent: {fileID: 1014059874}
    m_Modifications:
    - target: {fileID: 224224625541071514, guid: 678f7752a07742b479555b34fe114197,
        type: 2}
      propertyPath: m_LocalPosition.x
      value: 0
      objectReference: {fileID: 0}
    - target: {fileID: 224224625541071514, guid: 678f7752a07742b479555b34fe114197,
        type: 2}
      propertyPath: m_LocalPosition.y
      value: 0
      objectReference: {fileID: 0}
    - target: {fileID: 224224625541071514, guid: 678f7752a07742b479555b34fe114197,
        type: 2}
      propertyPath: m_LocalPosition.z
      value: 0
      objectReference: {fileID: 0}
    - target: {fileID: 224224625541071514, guid: 678f7752a07742b479555b34fe114197,
        type: 2}
      propertyPath: m_LocalRotation.x
      value: 0
      objectReference: {fileID: 0}
    - target: {fileID: 224224625541071514, guid: 678f7752a07742b479555b34fe114197,
        type: 2}
      propertyPath: m_LocalRotation.y
      value: 0
      objectReference: {fileID: 0}
    - target: {fileID: 224224625541071514, guid: 678f7752a07742b479555b34fe114197,
        type: 2}
      propertyPath: m_LocalRotation.z
      value: 0
      objectReference: {fileID: 0}
    - target: {fileID: 224224625541071514, guid: 678f7752a07742b479555b34fe114197,
        type: 2}
      propertyPath: m_LocalRotation.w
      value: 1
      objectReference: {fileID: 0}
    - target: {fileID: 224224625541071514, guid: 678f7752a07742b479555b34fe114197,
        type: 2}
      propertyPath: m_RootOrder
      value: 9
      objectReference: {fileID: 0}
    - target: {fileID: 224224625541071514, guid: 678f7752a07742b479555b34fe114197,
        type: 2}
      propertyPath: m_AnchoredPosition.x
      value: 20
      objectReference: {fileID: 0}
    - target: {fileID: 224224625541071514, guid: 678f7752a07742b479555b34fe114197,
        type: 2}
      propertyPath: m_AnchoredPosition.y
      value: -20
      objectReference: {fileID: 0}
    - target: {fileID: 224224625541071514, guid: 678f7752a07742b479555b34fe114197,
        type: 2}
      propertyPath: m_SizeDelta.x
      value: 0
      objectReference: {fileID: 0}
    - target: {fileID: 224224625541071514, guid: 678f7752a07742b479555b34fe114197,
        type: 2}
      propertyPath: m_SizeDelta.y
      value: 0
      objectReference: {fileID: 0}
    - target: {fileID: 224224625541071514, guid: 678f7752a07742b479555b34fe114197,
        type: 2}
      propertyPath: m_AnchorMin.x
      value: 0.5
      objectReference: {fileID: 0}
    - target: {fileID: 224224625541071514, guid: 678f7752a07742b479555b34fe114197,
        type: 2}
      propertyPath: m_AnchorMin.y
      value: 0.5
      objectReference: {fileID: 0}
    - target: {fileID: 224224625541071514, guid: 678f7752a07742b479555b34fe114197,
        type: 2}
      propertyPath: m_AnchorMax.x
      value: 0.5
      objectReference: {fileID: 0}
    - target: {fileID: 224224625541071514, guid: 678f7752a07742b479555b34fe114197,
        type: 2}
      propertyPath: m_AnchorMax.y
      value: 0.5
      objectReference: {fileID: 0}
    - target: {fileID: 224224625541071514, guid: 678f7752a07742b479555b34fe114197,
        type: 2}
      propertyPath: m_Pivot.x
      value: 0.5
      objectReference: {fileID: 0}
    - target: {fileID: 224224625541071514, guid: 678f7752a07742b479555b34fe114197,
        type: 2}
      propertyPath: m_Pivot.y
      value: 0.5
      objectReference: {fileID: 0}
    - target: {fileID: 1831886587902560, guid: 678f7752a07742b479555b34fe114197, type: 2}
      propertyPath: m_IsActive
      value: 0
      objectReference: {fileID: 0}
    m_RemovedComponents: []
  m_ParentPrefab: {fileID: 100100000, guid: 678f7752a07742b479555b34fe114197, type: 2}
  m_IsPrefabParent: 0
--- !u!1001 &2131567009
Prefab:
  m_ObjectHideFlags: 0
  serializedVersion: 2
  m_Modification:
    m_TransformParent: {fileID: 1014059874}
    m_Modifications:
    - target: {fileID: 224356517745731222, guid: 922441d01a9f33249b3decc0142e319c,
        type: 2}
      propertyPath: m_LocalPosition.x
      value: 0
      objectReference: {fileID: 0}
    - target: {fileID: 224356517745731222, guid: 922441d01a9f33249b3decc0142e319c,
        type: 2}
      propertyPath: m_LocalPosition.y
      value: 0
      objectReference: {fileID: 0}
    - target: {fileID: 224356517745731222, guid: 922441d01a9f33249b3decc0142e319c,
        type: 2}
      propertyPath: m_LocalPosition.z
      value: 0
      objectReference: {fileID: 0}
    - target: {fileID: 224356517745731222, guid: 922441d01a9f33249b3decc0142e319c,
        type: 2}
      propertyPath: m_LocalRotation.x
      value: 0
      objectReference: {fileID: 0}
    - target: {fileID: 224356517745731222, guid: 922441d01a9f33249b3decc0142e319c,
        type: 2}
      propertyPath: m_LocalRotation.y
      value: 0
      objectReference: {fileID: 0}
    - target: {fileID: 224356517745731222, guid: 922441d01a9f33249b3decc0142e319c,
        type: 2}
      propertyPath: m_LocalRotation.z
      value: 0
      objectReference: {fileID: 0}
    - target: {fileID: 224356517745731222, guid: 922441d01a9f33249b3decc0142e319c,
        type: 2}
      propertyPath: m_LocalRotation.w
      value: 1
      objectReference: {fileID: 0}
    - target: {fileID: 224356517745731222, guid: 922441d01a9f33249b3decc0142e319c,
        type: 2}
      propertyPath: m_RootOrder
      value: 14
      objectReference: {fileID: 0}
    - target: {fileID: 224356517745731222, guid: 922441d01a9f33249b3decc0142e319c,
        type: 2}
      propertyPath: m_AnchoredPosition.x
      value: 0
      objectReference: {fileID: 0}
    - target: {fileID: 224356517745731222, guid: 922441d01a9f33249b3decc0142e319c,
        type: 2}
      propertyPath: m_AnchoredPosition.y
      value: 0
      objectReference: {fileID: 0}
    - target: {fileID: 224356517745731222, guid: 922441d01a9f33249b3decc0142e319c,
        type: 2}
      propertyPath: m_SizeDelta.x
      value: 0
      objectReference: {fileID: 0}
    - target: {fileID: 224356517745731222, guid: 922441d01a9f33249b3decc0142e319c,
        type: 2}
      propertyPath: m_SizeDelta.y
      value: 0
      objectReference: {fileID: 0}
    - target: {fileID: 224356517745731222, guid: 922441d01a9f33249b3decc0142e319c,
        type: 2}
      propertyPath: m_AnchorMin.x
      value: 0
      objectReference: {fileID: 0}
    - target: {fileID: 224356517745731222, guid: 922441d01a9f33249b3decc0142e319c,
        type: 2}
      propertyPath: m_AnchorMin.y
      value: 0
      objectReference: {fileID: 0}
    - target: {fileID: 224356517745731222, guid: 922441d01a9f33249b3decc0142e319c,
        type: 2}
      propertyPath: m_AnchorMax.x
      value: 1
      objectReference: {fileID: 0}
    - target: {fileID: 224356517745731222, guid: 922441d01a9f33249b3decc0142e319c,
        type: 2}
      propertyPath: m_AnchorMax.y
      value: 1
      objectReference: {fileID: 0}
    - target: {fileID: 224356517745731222, guid: 922441d01a9f33249b3decc0142e319c,
        type: 2}
      propertyPath: m_Pivot.x
      value: 0.5
      objectReference: {fileID: 0}
    - target: {fileID: 224356517745731222, guid: 922441d01a9f33249b3decc0142e319c,
        type: 2}
      propertyPath: m_Pivot.y
      value: 0.5
      objectReference: {fileID: 0}
    - target: {fileID: 114786765019168748, guid: 922441d01a9f33249b3decc0142e319c,
        type: 2}
      propertyPath: m_Color.a
      value: 1
      objectReference: {fileID: 0}
    - target: {fileID: 1194649608027964, guid: 922441d01a9f33249b3decc0142e319c, type: 2}
      propertyPath: m_IsActive
      value: 1
      objectReference: {fileID: 0}
    m_RemovedComponents: []
  m_ParentPrefab: {fileID: 100100000, guid: 922441d01a9f33249b3decc0142e319c, type: 2}
  m_IsPrefabParent: 0
